[{"id":"c2o8jvsc7n73non5hmn27z","walletAddress":"przFB6ghZfmMYxVxzJ8Y91B5Ctz19BUbN6LgGSVH8X78","type":"sell","amount":7791.751534178732,"price":0.0006978684684700023,"protocol":"Orca","timestamp":"2025-07-09T19:00:37.665Z","signature":"aJLL6H22UFPqsBRYEWJG8uScwJZB6DamEzEtiZS3XqJq4cA3BP3qxmxtwaBcSnXiCf67PGF7aFiRNbwpUqzFtg6N"},{"id":"mjorua35hx8zw02gt4rtog","walletAddress":"Akpq3iGR14u2nYpGHteTkWyMQsTqzvH5pSPTP6RpvM25","type":"sell","amount":4361.075003001236,"price":0.00017558361747899368,"protocol":"Jupiter","timestamp":"2025-07-09T19:00:35.667Z","signature":"DdVZGXoh1XBT6jw59Yzb6UsbfnhwAeguf6kPJQumfs55d18iCP4r2hQqySy4cmDhhKuvvAL9z4GJpVF6UxMXewtp"},{"id":"brop8rhtum4fkx5dzmcj2n","walletAddress":"jrGiTZrdfgrNvGm9eDTtEUwqeVku7yM4cV6KKcSDyzaC","type":"buy","amount":4069.7512292578585,"price":0.0010477890875554546,"protocol":"Jupiter","timestamp":"2025-07-09T19:00:27.302Z","signature":"t41UcF1q5PuDEjr2VmCLp1BYr3zKrmFBqf7FX8pxbtQXMSutzwFa8vyvnfVtWzCVmvd7JqYWqxDA2VrNQTtoim5q"},{"id":"todfpzn2e3p4qmkx4b4pxk","walletAddress":"nuQWZnfeSLnPkHDkU7mQnGLRigkfpFF97mr4SGyviV6U","type":"buy","amount":4841.925639141103,"price":0.0008576219422104951,"protocol":"Orca","timestamp":"2025-07-09T19:00:22.817Z","signature":"5BHD2nK6e3yTJ7sTNs5LnvDSB9gYPB3BS16ypjvF3Wdqm2FM1Z3iqXLaN3ay6bDZVGc88riTDj3WANetrMVc1X2j"},{"id":"7t4vobbg39g4bmgzhno3n","walletAddress":"BS7cQdjwz2wvukYxjzQcCmeguLZdUFCjxmqGmKpRBe3R","type":"buy","amount":2739.0443135003006,"price":0.0009275071459861547,"protocol":"Raydium","timestamp":"2025-07-09T19:00:17.538Z","signature":"iFnid45DQc2Q9gG9cvjtAoNthDR5gRSB8TSWCTX4ScU6rKXg16gAUe7F4kY4ooYGF7yEVFGtuaTjoaJbRMEYrb35"},{"id":"bbjjv9uleui5hov5rpgs","walletAddress":"R848QiAUJHFcWYW4ZuBVp1RfoLhWABrD2wpmwfvk8zxQ","type":"buy","amount":5607.061803464481,"price":0.0007103556006716696,"protocol":"Serum","timestamp":"2025-07-09T19:00:10.407Z","signature":"tCYCKkDjfFf6XdEdcipQeb3CbyE4bn4SqBej2aZH26Smx18iXGixyyhZzHJQnT144HXjnqnsKYE9EoZgJZEjFWMM"},{"id":"0vtut5hhbrypd05hnumk84p","walletAddress":"EgFNZsiQQko9qZZQ3joaE1oDtpwx7FBwzrXALQ3grqqc","type":"buy","amount":8918.12425901517,"price":0.0008385144838918352,"protocol":"Raydium","timestamp":"2025-07-09T19:00:01.490Z","signature":"BrnbBKzttXi6DHVisvNXHJAYhT8XJuDD7Y17x6wf3NWZDN7o7hc3jmYCPsWjBrXzssBKPHyPAHjqXvimXu31qgub"},{"id":"maa8n6dd56f03i3keayud","walletAddress":"UBQTaK27mxbp7E6qzAj6ThGKWX1Zzk9MrSMX2U9JaeGf","type":"sell","amount":10058.919372937751,"price":0.0006631786785347602,"protocol":"Serum","timestamp":"2025-07-09T18:59:55.032Z","signature":"fySXYeFrkmHftiY1VzC2ZJPAZLaKbM2tJgMBugwF14M16ozAkWx99moK74csnSmgbV3Ke2kxtpK7BJG5cAbdpLQ8"},{"id":"93kfw1zq3ewk3p9iktace","walletAddress":"UBQTaK27mxbp7E6qzAj6ThGKWX1Zzk9MrSMX2U9JaeGf","type":"buy","amount":2803.5750186988716,"price":0.0006971222099069809,"protocol":"Serum","timestamp":"2025-07-09T18:59:45.769Z","signature":"DfiXWZwvJw98vrjQ6SfZr45oi6FQYGrWFP4Zcxrd5DUNy5PSUewpZeXvEnVmg6pH1YEG9HxZsYd6TAuzdrdanQQ6"},{"id":"l5fuxj1n02hzniar8pia8","walletAddress":"5vyU5SEQfuRg6K7xQFbzXSHJ6PFXmnA5kbRqP9T9vbLR","type":"sell","amount":5307.129878978531,"price":0.0008121240474064875,"protocol":"Orca","timestamp":"2025-07-09T18:59:40.123Z","signature":"vtLxowHahTN397EtRcH61Dv7gD4mqN5JX8yxxo8AYJmTGLXGGQV3p1mchr9q1unKRKQwUJpcJfJj9zwqcTZjE1Qn"},{"id":"h2b6xua0exk806zy3cc19p","walletAddress":"przFB6ghZfmMYxVxzJ8Y91B5Ctz19BUbN6LgGSVH8X78","type":"buy","amount":174.02285864039902,"price":0.000934630903339749,"protocol":"Orca","timestamp":"2025-07-09T18:59:30.731Z","signature":"sS4pFaNUmLpEoik9m2WTzXz8D2TBvQAfm3SzJYmQMvrf1pJxqKUh4XB7kNwPWFH9DbMeoRQPKR5XRifetP7SkDp8"},{"id":"di32qee6c577dtplkar7lg","walletAddress":"YMBDZuZoqNKq773CmMhBfyddJRXWPrxjtPGYSd8mKd8q","type":"buy","amount":1466.767752483664,"price":0.0009036833239186079,"protocol":"Raydium","timestamp":"2025-07-09T18:59:28.134Z","signature":"WRRkK4cvgYBwN3M8cYyrSjw4bpHy9oC3vy8LsTxY71t2RnTDWKfy6M7nfQNgTJWqnokVBUMWD1z1CtwaLAoVsocu"},{"id":"xjheqnur2am0gavq5bw59dn","walletAddress":"v4hZdZtdVdEFN2CW4kVJow1ejKCx9KThfB4LPu9Uw1to","type":"sell","amount":4976.005512753063,"price":0.0006749610100662171,"protocol":"Serum","timestamp":"2025-07-09T18:59:22.879Z","signature":"J7b5rw9Y2KBunG57wPp4ZCbeSezTFmPAw2PyGWCgswWMcKqwZVG976npWBwKmpDPchL1TkxLxqSyf73Qdqj1iSFE"},{"id":"mtd114ywdp863oz8lcgscs","walletAddress":"BS7cQdjwz2wvukYxjzQcCmeguLZdUFCjxmqGmKpRBe3R","type":"sell","amount":4984.579353581946,"price":0.0008643414681396098,"protocol":"Jupiter","timestamp":"2025-07-09T18:59:16.587Z","signature":"YTaxSMHHKTtC8RY8pJ6Q5RQ8B5ehaJMweKKk7vsYgByUaAqoaYANmZgkRQEN3i7fDkMQyFUzssGKE2KgNhb9bjr1"},{"id":"l1o4jjawq6iefoa2qmrb47","walletAddress":"YWTpRvc75kJxm2MExKWHQiskm6dXehgUTtzWNQfnKxjv","type":"buy","amount":4596.603325733059,"price":0.00015290244557124392,"protocol":"Raydium","timestamp":"2025-07-09T18:59:15.061Z","signature":"he24zVVBNZkfmaosKR12vkkZwgPFjFBiLmE83NumM17KUJeDt6h7oRiUhRsn97gW1wxXm9ZbtEo2hXRuG2SdMNnr"},{"id":"arufh4ysbiwzb6j3r4v5","walletAddress":"snqeUMMMQsD11A4dVt7x5WFZ6pDwRoc9reobiSnpd5Bo","type":"sell","amount":3521.116852020465,"price":0.0007023172855594621,"protocol":"Orca","timestamp":"2025-07-09T18:59:07.621Z","signature":"KB78a2FVDcCFKsMkCNQmGfgEau6Gh8F9y1LrVsC9Z2HGfaVsZbMGdwF6vkKnzb18MxmJB6kW7Ei39nXYebkFzqjD"},{"id":"r4ivmhfhw6s2vc5nusn402","walletAddress":"wM4jHhh1TEVsL8ePBFNZdCF1uSSn3VVw9kynuXJ3SLft","type":"sell","amount":4547.530177752301,"price":0.0006473983892799566,"protocol":"Jupiter","timestamp":"2025-07-09T18:59:00.975Z","signature":"cPUuhKKdpUjVwbtsTZVBXaDmp28HhB3voSRZLgRmjM8qEHzqAxEADwsDcxMHrZberACbzwjzLxwYBCBdDos4k6aL"},{"id":"56xzeqjw0x7axnoy8ff6u","walletAddress":"C3ddtnLw1u8S7D4K48zgoj2rgpgAFqYvjSnenb1gaoje","type":"sell","amount":5712.115644826398,"price":0.0010869517566912856,"protocol":"Orca","timestamp":"2025-07-09T18:58:52.281Z","signature":"mNDNEs8KYkX8noQm1jXBw26XTWvgVC3siLwYpSD8v7AuBCGsuMfJooX9pRJkdwowNudJd1oJW4wYUHwQT61resnE"},{"id":"mzwjpg5ksqjj9y0o1swaxq","walletAddress":"JWerKimHcpATDG7W5sUq6myjbLVP5MinMiGy7bibDF3u","type":"buy","amount":2729.1024780718985,"price":0.0010798506780483426,"protocol":"Serum","timestamp":"2025-07-09T18:58:44.077Z","signature":"9J5kFprGV7wkLfGv4MvrsEJB69T2SNF51b7v4PQL6qfN3sGD9GHAfG8F11zLAyAfkp9wQv1duw7Kyfd1bdZgJVZV"},{"id":"celmib2dgaqt0pqpyrj2ig","walletAddress":"PAspzUVQVziC1YjTg7DZPtVScnY7XQvWmXH2hdxZPaDb","type":"buy","amount":2909.507895204251,"price":0.0005974389799405133,"protocol":"Raydium","timestamp":"2025-07-09T18:58:37.412Z","signature":"PgiooyNM46i9YP1mrF6RH5rRCuoV4sSBqbKBUN52rQqvHbTqmJGev7YhgKxzCdxA44Kvgw3cksNYKfT6JZMFNEbq"},{"id":"2utmyywz91oqqrqdbxgsx8","walletAddress":"iV9z7QxgGfDVZWHqmEpyNXTrqanu3WUAQ47eURs86sC6","type":"sell","amount":2259.3430841351637,"price":0.0009445495304200792,"protocol":"Serum","timestamp":"2025-07-09T18:58:29.723Z","signature":"ZmwQCmsNPveQAJcDMxczvQXmvKgn2nfGw2Ab7NNDkpQNAR1rW19A1To8EdCQTfKGjEvL2RKsBugj7uuFn8MP6c6k"},{"id":"t51hvw1i3ngf1p6xk2iszv","walletAddress":"11yTiEYEWUjqn77avWsPpLyA2v5pTMLb2pxtpjEmCcZQ","type":"buy","amount":2758.931772312816,"price":0.000280524325980171,"protocol":"Raydium","timestamp":"2025-07-09T18:58:20.680Z","signature":"JYSap6mzmFaGao4WAQdnMFyQhQZK2TF2rpL9ZQh1aovCS24jknEpTpCXKZaC5m5NucCFmfB8WmHatu6eJxPZ2iAp"},{"id":"ltgqab8d4wptgwnasx5z6p","walletAddress":"nzmtsBRmGbWXBs2QJnJ7Z5htoXFEo2kT5uZMtpZNuqjk","type":"buy","amount":7440.374125773153,"price":0.0008450296595480929,"protocol":"Serum","timestamp":"2025-07-09T18:58:17.776Z","signature":"gFvCvPf5ZYLgkQkL9Rxpp6Rx8Rw8mfgPcMn2Q3JPa4kUUonnNzjhgj2DhadcxMErGan39gUzhS9SZJ1EHxzUPcoo"},{"id":"9e2zd19sy7e3gs9umdzseo","walletAddress":"72T2yCCBjdmvTh9mpqFny6H5y1FKvMpKNGTbmyBMURaa","type":"sell","amount":302.4513149442231,"price":0.00022655773767081224,"protocol":"Serum","timestamp":"2025-07-09T18:58:07.874Z","signature":"szqBU8RiJBxBJcHNvPKWrtg4ysZW1m8btyAqervpxq4AyZUbqof6PazGGZzSTRLL1tknpMfu9SkjbfioB9mmcHKo"},{"id":"byf1e3nrslblswu04qos18","walletAddress":"XGJ4okh1zAnnUYUJatNvpNwqavmkgN4uaFRPU8yGRALv","type":"sell","amount":3088.397801854581,"price":0.000788844296861176,"protocol":"Serum","timestamp":"2025-07-09T18:58:03.221Z","signature":"LLqMuWkwYR5GRLaEMYY1o45p3bTfyxSi4QYxyaAdsGM1Eb3AYou6XZASTq2a2s3EcaAeRQRhxNeKvHaFFe6tQLUw"},{"id":"do0gg9b6gv8cs8rbpxfqq","walletAddress":"iV9z7QxgGfDVZWHqmEpyNXTrqanu3WUAQ47eURs86sC6","type":"buy","amount":1727.0776802479659,"price":0.00021693392676615445,"protocol":"Orca","timestamp":"2025-07-09T18:57:56.079Z","signature":"TxpXFEvSptzzcSy7qBQwvNxCLDqhGiy3H9abQZiNkXnRBTSVJ5mMf3VVH6GGTy8ajjLZigPUuzAUtosni7R5rgnx"},{"id":"jhws1k6tr5l6jardgcrf","walletAddress":"BS7cQdjwz2wvukYxjzQcCmeguLZdUFCjxmqGmKpRBe3R","type":"sell","amount":7254.360838394516,"price":0.0009060908338605304,"protocol":"Orca","timestamp":"2025-07-09T18:57:47.052Z","signature":"2qGGtNYz9xu5UQSnYJcQmaRQhJALZhnqAZD7Dx6h32n5WTN7qqWJueZsTemwMpQp9jbbu4kRLkpKdS796JYkTCFz"},{"id":"fiig3cw7q9a5mm3exarks","walletAddress":"isdmKN328QHNcsT4y5GF4F6fgwGZVWRSEzWnNf5j61yg","type":"sell","amount":2466.203895798642,"price":0.0009199909801533594,"protocol":"Jupiter","timestamp":"2025-07-09T18:57:39.897Z","signature":"dsq7rZnma6mxwP3gM5GLAvW3QxAtJ1mzHXdmi5GAZB8rpzAf64j3tCCdGBu9vnXyZH1jmUHdF33rGVMMV38D87bD"},{"id":"ucyo4pcli9eq8wqsc7477","walletAddress":"mz86z4iwzrsCRkvdpdqCrz86hquHhhKR64eJkRYVK69z","type":"buy","amount":1491.2289097958962,"price":0.0009992962974625093,"protocol":"Raydium","timestamp":"2025-07-09T18:57:37.871Z","signature":"pRSw9gEGyhCqDqe4qYoz3p1aY3AhSoEEL22V2oKwExj1j5Le56M75V5UY6K1WYtu9GVZC1L7J3dyTwo7qbwgAuVD"},{"id":"pa2dpmd3dnotqd4ro4mir","walletAddress":"YzSbkEAu8dU8y4zr5RNHiRpJM44yiXoQQTyVNDvL8Wt7","type":"buy","amount":5349.857638156605,"price":0.0010525455881382584,"protocol":"Raydium","timestamp":"2025-07-09T18:57:28.585Z","signature":"tTd7JASGFwuA1pbqnGdgm5VSRFLadu4Z1uyrgqSDgA8S3SM5xtkzRCpPGZWZr1DceEA5A6ecqXAt4QosuqiYQqZq"},{"id":"1yqv9idkvilixoa0exnu1hh","walletAddress":"xKse76iJG7X88UEEsmcpQTy6CEiC8FNhy5KzjVcyts59","type":"sell","amount":7779.312182006674,"price":0.000595327677003765,"protocol":"Raydium","timestamp":"2025-07-09T18:57:22.558Z","signature":"6MGFtYVoeiw8pU2vBiHt9WY8FJTVixNhU2BKwuSXPWz3NgtsvWy3RoS4UJ2y1jMyGqcNWgZZ5zeN18Qfmp1t2jxC"},{"id":"qnn7dgf66tijcbqnihd72","walletAddress":"8RitUymSnNqg78iQ7HkQu2BCo3okccCYmnoV4opEWite","type":"buy","amount":9652.474454771891,"price":0.00039436743790997457,"protocol":"Jupiter","timestamp":"2025-07-09T18:57:20.810Z","signature":"uZ39w4y7xaeMiNxofx4yKZ1fRxMa2iuNAutLjNvRJ3YKwpTzBEbKdA4qQujVgiJe3fakiWYCTJMWPV1e1qDTWuKW"},{"id":"5lvogeegq2iyxqblol4j9i","walletAddress":"wM4jHhh1TEVsL8ePBFNZdCF1uSSn3VVw9kynuXJ3SLft","type":"buy","amount":2182.272086132881,"price":0.0007647669613356867,"protocol":"Raydium","timestamp":"2025-07-09T18:57:18.485Z","signature":"dNHygA1sbrgG91oVMYmgridigSBgZK1aLNhP4JLtPobxfHbtApNwPFqb4AEVTJSpro6ixEjiwtzXQkTAW157uPhr"},{"id":"3lr1ub4hlc6t9i28vh2u1d","walletAddress":"yUwE3zqE4sEvAtD1RxFWEsoK7UGU9aidJjkQcrih1WPH","type":"buy","amount":6608.966208041851,"price":0.001085044679338168,"protocol":"Orca","timestamp":"2025-07-09T18:57:13.674Z","signature":"2o7wVwxreFscnWX2KWJ7Y6hKTExp5FA36PtgXCRvb6yRKegdHimo2qPcdMKHG31AWEUZojftb8mj1bjj1Qgig7Mf"},{"id":"q3hgnb0ar4xjx8x8w8jfd","walletAddress":"nzmtsBRmGbWXBs2QJnJ7Z5htoXFEo2kT5uZMtpZNuqjk","type":"sell","amount":5288.626984634717,"price":0.0003916689952620208,"protocol":"Orca","timestamp":"2025-07-09T18:57:09.512Z","signature":"zvBxfrFEx2FXd7sgs3so7L9GYvxwwdaS9eXt1CjhxsZoE7xBxMXEAQ6mJbPePhY7TqK3BrGKoFzBvtuxuZCsCR3p"},{"id":"gx6007b7ozf5aryet6a96e","walletAddress":"Puchm6Ztoz1t6qUv18RBkAhmqCt8xWLE4yT5nVSYwD5F","type":"buy","amount":2215.4521569042518,"price":0.0010680688892117484,"protocol":"Jupiter","timestamp":"2025-07-09T18:57:08.455Z","signature":"QdJbnYNM45zh6e8xHoycExKn8svw49UXteZy3h57ceJtNW2YYoZ2CPXpZTFtpoPxeRNXDmjC5rtLfU396TL9AP3W"},{"id":"hafzb07y7ut3co8idthglu","walletAddress":"7r3K7hPA2QK8eLyiyjXHw1nwbfo7LzZj9ddpR3Ss8FD5","type":"buy","amount":5891.368138907557,"price":0.00021461498689191507,"protocol":"Serum","timestamp":"2025-07-09T18:56:59.539Z","signature":"F2QRpQGymprWPGwGBGT8ZJet5ymy92CQzDQjMrt9byotNW4HZmQfzLGVuYw9CkhR7GJRsMQh7Pe3M1o9wM7QwY3Q"},{"id":"5ybyv3icdflwspri1hpa2i","walletAddress":"YWTpRvc75kJxm2MExKWHQiskm6dXehgUTtzWNQfnKxjv","type":"sell","amount":2993.3023585322617,"price":0.0004366356000302015,"protocol":"Serum","timestamp":"2025-07-09T18:56:49.879Z","signature":"6vfNYwnPTcFH8a7csEMHUK14TusismDgS6cqdvanEx8mjF5nUqnPbdaTJ8xeuLyjVEuyENBuAxeyijZUZfVQWPou"},{"id":"m2rkw83lkliwujp8phxjwi","walletAddress":"Akpq3iGR14u2nYpGHteTkWyMQsTqzvH5pSPTP6RpvM25","type":"buy","amount":4049.5637269706885,"price":0.0008568233593700842,"protocol":"Serum","timestamp":"2025-07-09T18:56:41.533Z","signature":"LTJnzAt4gEHwjSFe2Lse42g4gBJyKx74LFtCoXFBmYM6cS71mfPaKaTVqJD4QvuzY2Xg5hMexxfQdD4SFeECRDEL"},{"id":"9l9npkx43wrqlleyohhpk","walletAddress":"q2AotiZT9U5HoAypEB2KXAQssujj9KoBDPH7biYxGFpc","type":"buy","amount":6391.68542606718,"price":0.000775306409758248,"protocol":"Serum","timestamp":"2025-07-09T18:56:39.939Z","signature":"As7f6h2G5ajfaXpwVeuagiM1RjJ9LFcAA26XFDwMCiQrTrtkEYsfLFJgcYS4GfsoJaxt62goQBVUr89CY9rv46nW"},{"id":"10am9wqeyno9w1wmhjks8c","walletAddress":"GJ4Hnbu6QthstYxoKMWT7hi66E17cAJyFEC5mgupbSGE","type":"buy","amount":1473.236764426655,"price":0.0010728161249824951,"protocol":"Raydium","timestamp":"2025-07-09T18:56:31.041Z","signature":"sMZ8UZ4yMqi3p6ZDvHyxBHjMMLfX1iLLtiBLFetkRbUgRpBQAiB4hYCdVzN3RXhApcw5YtuHMsUvtsVtkspASBys"},{"id":"udgnv6mrfbi0gpg07d5od","walletAddress":"JWerKimHcpATDG7W5sUq6myjbLVP5MinMiGy7bibDF3u","type":"sell","amount":7080.661259210541,"price":0.0008866526953352714,"protocol":"Serum","timestamp":"2025-07-09T18:56:29.241Z","signature":"f9jUsDz8S77AjfX8Nuwkk1JJ3w68smSgCj6GRzpUcByopDmNMZ5V6LpUdoPwMGVBYj7TKbmTTKcpVAK8Ui27sFvC"},{"id":"qdsz0jqts5m1pt61ba7kr","walletAddress":"8RitUymSnNqg78iQ7HkQu2BCo3okccCYmnoV4opEWite","type":"buy","amount":8550.668389359915,"price":0.0007365351436578835,"protocol":"Jupiter","timestamp":"2025-07-09T18:56:23.625Z","signature":"XpHZ8JYJwMfYpxmbSLe7ZjFWnnq9RunDgFLyPAvan72onTg1pqRpqAT4XPXUCTTRgZDkfCPouHWYXEYSxTm5QMDx"},{"id":"e2tmhs5ij59eud9yp276jc","walletAddress":"YMBDZuZoqNKq773CmMhBfyddJRXWPrxjtPGYSd8mKd8q","type":"sell","amount":2673.3249657136835,"price":0.000981682739215476,"protocol":"Orca","timestamp":"2025-07-09T18:56:13.641Z","signature":"z3k2GpN4RX9PjgH1TfWPkgfrSSvGFhYrJKXBiMVGKfPGP5GnhFVGeTvo2CnshPbk3j7DGLQdv8LUAu1EJ4CgkaHD"},{"id":"t8nvkvujtojfk0045wm2b","walletAddress":"PAspzUVQVziC1YjTg7DZPtVScnY7XQvWmXH2hdxZPaDb","type":"sell","amount":3333.733797214533,"price":0.0004675601739029537,"protocol":"Jupiter","timestamp":"2025-07-09T18:56:10.296Z","signature":"WdWDyu8WK53KajgLwcNEaGmdWHMpQpC6wjFBABTiKyL3fnfkpQeVrgVr91Abfvu1AiWbRk891MkYP9XbEVZRVFmb"},{"id":"her3qyy6vx5mk00gplkna","walletAddress":"AbZbdA7mQQKLLCqmXoEz31FtReXpAHNWJasNfQgUeTCd","type":"buy","amount":7229.453423781955,"price":0.0008921117287410951,"protocol":"Serum","timestamp":"2025-07-09T18:56:05.246Z","signature":"k7BZL8ZgZ5yHTGQhoLUAqHaKPwuquv8kWd89cqv8Nctg2RTVBxsuuNoMdv2qMAaP5hJCMS4VwtZnZLyU7nG79Pf3"},{"id":"tnvxi3ztmy6gpq5yo9ehe","walletAddress":"UBQTaK27mxbp7E6qzAj6ThGKWX1Zzk9MrSMX2U9JaeGf","type":"sell","amount":8847.216638399243,"price":0.0008632290480372804,"protocol":"Jupiter","timestamp":"2025-07-09T18:56:00.550Z","signature":"6d1rtQWqpzUDn8LpbbwKBy2LUpvQTWaYszT1aatfPTQKGRCQBMMz8S94ST8wLQW9M18UGbvtraVkeVf8SNZtqAJG"},{"id":"urwlhlnigfiv67op7mi5","walletAddress":"przFB6ghZfmMYxVxzJ8Y91B5Ctz19BUbN6LgGSVH8X78","type":"sell","amount":4679.248441340289,"price":0.00047326588263557704,"protocol":"Jupiter","timestamp":"2025-07-09T18:55:50.576Z","signature":"BXMZVK3z4zBjkPVw2CFTUeGSpoC3A7GkrfGK6R553sVsxKx8mEeCbwgVgdCmuNd5nz52KhaEruKuhzbjMwMgaBJm"},{"id":"3khd98oyvy72nl9t9i9874","walletAddress":"PAspzUVQVziC1YjTg7DZPtVScnY7XQvWmXH2hdxZPaDb","type":"sell","amount":5383.903089312167,"price":0.00036461452364514003,"protocol":"Serum","timestamp":"2025-07-09T18:55:42.642Z","signature":"LL1XQJoHjbb2e9gkEbPNBNNGfifsYHs9SQeBnmKcciBk3mcqk8XGW2YxCcZmdj4pti9ZPk8zrN15AQ73G2jixARN"},{"id":"s2e6r99t1x8rjfc2qf8w9i","walletAddress":"AbZbdA7mQQKLLCqmXoEz31FtReXpAHNWJasNfQgUeTCd","type":"sell","amount":4004.262108004348,"price":0.0009587903635373147,"protocol":"Raydium","timestamp":"2025-07-09T18:55:38.001Z","signature":"ug1C9D1dyFh8iRhK2yHFbQQ3FAKXFeXcufd9AHFcfpGiLeYUyKALtLkasefYsEFpBxRzs49Fj36zg3eZVGhRCRAQ"},{"id":"zuvrvnzgi2ope50hvng9o","walletAddress":"GJ4Hnbu6QthstYxoKMWT7hi66E17cAJyFEC5mgupbSGE","type":"buy","amount":7554.509238150006,"price":0.0010694802532159409,"protocol":"Serum","timestamp":"2025-07-09T18:55:33.514Z","signature":"uWqrU936xgj98DhyCugx1W4ruCezoqBa8geTnnLiSiA7AU1NR88cRTkQoBj4yKcB8bB9uXXnoW3mvnDq1gPMfThg"},{"id":"tx34zreu0phmhzpha7a959","walletAddress":"AbZbdA7mQQKLLCqmXoEz31FtReXpAHNWJasNfQgUeTCd","type":"buy","amount":1389.6557686033061,"price":0.000774958828543685,"protocol":"Jupiter","timestamp":"2025-07-09T18:55:27.943Z","signature":"QqpMn7k88EnRkbSPrbkNyoKV2WFLjKXnbWrZZw27bAUgijg1Mv6J37ktQzqJCJBjnfEfT3d8QS1bJAjJXUXA13pr"},{"id":"0f91p7loz2h673zfue2rwhf","walletAddress":"72T2yCCBjdmvTh9mpqFny6H5y1FKvMpKNGTbmyBMURaa","type":"sell","amount":4481.451766337387,"price":0.0010570251474220163,"protocol":"Serum","timestamp":"2025-07-09T18:55:24.740Z","signature":"ScWFncqfzcW4egNdFXmgzNqU6fDvTNGMTJLAGNMNhRdbSw88bPzsDuMLdo1y3VMPWRBT5asYwo7dsCuSmkD14LwB"},{"id":"hl67e2hyj7ofrbr1b19k","walletAddress":"vddYkhLe1gMby8L3kSJBxgWEPyAb8XbzLYtXnQ2tT5e4","type":"buy","amount":4854.536312277005,"price":0.00037074217719490255,"protocol":"Raydium","timestamp":"2025-07-09T18:55:20.249Z","signature":"Uitgq6LNFKLnA5Ekni17Enwi6s8gshpXMKUgnPgXX5KvcD9Tioyw3XMPRGNWSHkBiGK31vz8N4Fx6p8ATwnRVm8Z"},{"id":"kkvf9dz6i3en3b6x5kna1h","walletAddress":"fsTjQjiV7rK5nprxDaJiWhraNggPdHgnkjQUkVkhgWuP","type":"buy","amount":5467.268873030193,"price":0.000491755597481334,"protocol":"Serum","timestamp":"2025-07-09T18:55:17.211Z","signature":"VDBciXroeumCK1VaxiiPVq1CZuqwq6LfxRy4o4j7a2j5M7vwevbX7ZkS4zYU9JK3teLP4mwWmNWxNiSnxqVfdaUF"},{"id":"ho9ge62m0ocr0wev4xhi","walletAddress":"C3ddtnLw1u8S7D4K48zgoj2rgpgAFqYvjSnenb1gaoje","type":"buy","amount":148.33655120573434,"price":0.0002841282582701729,"protocol":"Jupiter","timestamp":"2025-07-09T18:55:07.784Z","signature":"12htTtoNU1Vw1p2BmB9sNkpbBhvYaL4zjxiAyTTMXTEDMpXUZ4FWCcwf2kCBKwvAWpRn8dJW2v7KdW6w5ZGK39P8"},{"id":"5gylrtocrk95f2yo0ds05","walletAddress":"AbZbdA7mQQKLLCqmXoEz31FtReXpAHNWJasNfQgUeTCd","type":"buy","amount":4235.050726925489,"price":0.0006179305614758781,"protocol":"Raydium","timestamp":"2025-07-09T18:55:06.210Z","signature":"F6qAR4TYKusGk1zpVrWxWtCkbFhwaaHvfzcSd5uPQjkrQqUXambJGPtP6LojumJ497TFpozmdpH1PUW9zurUFr2q"},{"id":"vhgainwz71yw5emjnl5qk","walletAddress":"Qc3s4au2sVxJnRQeBWUJRuCEYvns5LANMPiUJvNGeRrE","type":"buy","amount":6161.719208505357,"price":0.00021571888694308763,"protocol":"Jupiter","timestamp":"2025-07-09T18:55:00.280Z","signature":"DeofssnWM5FpjhHHPhgH6MNa7zagP5KcEohuV7tsz5tNMpXbx439pEXojuWbiwwBpEKWeGbowjzd3MTTZZupSWV6"},{"id":"rfa968tvt6jqwtsrsw244c","walletAddress":"isdmKN328QHNcsT4y5GF4F6fgwGZVWRSEzWnNf5j61yg","type":"sell","amount":7828.322774424807,"price":0.0009844267580068347,"protocol":"Raydium","timestamp":"2025-07-09T18:54:56.777Z","signature":"MGxHy9rcgeRrPZib68ELXYTTRL1dX3gN3GC6S57Vvc3NKQ14A9UtX9RcwyF2obQKMyzehrJBTbVREtfNHC4yeuFD"},{"id":"gpwkgk9q1oi3oiqwdrd0h","walletAddress":"przFB6ghZfmMYxVxzJ8Y91B5Ctz19BUbN6LgGSVH8X78","type":"sell","amount":9518.125819998462,"price":0.0010452763837307448,"protocol":"Serum","timestamp":"2025-07-09T18:54:51.565Z","signature":"z7uGVyoqyyEToNfcXxRG8mqbmRj7ofUdqtkd5zjJ4f4sutS4ewJRYWenqsuDhXzkoFKcXxC6qcvLp9izMbBeLj6j"},{"id":"0e2hahlwozfyeur689qq1","walletAddress":"sHTqDov253JFaR3Tt8GKchuJPqEyxAYDoGz11aAJMc6C","type":"buy","amount":3978.611480911336,"price":0.0006733918333725965,"protocol":"Orca","timestamp":"2025-07-09T18:54:49.342Z","signature":"So5iwL67HzpSHW5yKR1ZDfLabiGG9BZW3bUhfjSgJ39SMXueyTCJ8JE1JqdDqa7Bk1eAGnHC1jQhJFhLEg1h1BXZ"},{"id":"4dkdzg96wip45wu2ebtwgq","walletAddress":"b8R6ekgMaPqBVAyxLQUcnU5ZtPEtVoqejT8m7oxKefb3","type":"sell","amount":5044.236852260171,"price":0.001051764698725535,"protocol":"Serum","timestamp":"2025-07-09T18:54:44.265Z","signature":"zRyn5gSP1CHCu4eEW8o17S97ChQg2Jh3FSz8t1dymQSogpWdUGbKs9K9jwKhocwF9bLRnAsQhesJ92XWUkKeGVny"},{"id":"txmdnu8u96p3zp42qm2uf","walletAddress":"yDkHLW5aNBvfQ3ZeJ2dLDeXHMoiJLf9v5KEgRb3fXYTH","type":"sell","amount":2835.221817277749,"price":0.00017027711385209456,"protocol":"Serum","timestamp":"2025-07-09T18:54:37.087Z","signature":"Tb4oV2sVozm7xwV8fPLoXavT76eodZHV5Wr36Y8fMZ9rH52GRJaunr2Y15BoEesLo9t74fFTFfrPMXLw5zD1fuF3"},{"id":"73u6stie4lwjc62ee2uqi","walletAddress":"iV9z7QxgGfDVZWHqmEpyNXTrqanu3WUAQ47eURs86sC6","type":"buy","amount":4109.472846099818,"price":0.0004352816862136985,"protocol":"Orca","timestamp":"2025-07-09T18:54:27.252Z","signature":"P1dmkTAV9BBgWbsHKMHzNQe8bxocUjuvpgyxziBpUckrWCLsDLva1CpD6i8ASa3Cgn9Pu2FsP2u5m1Dzou7mMMFc"},{"id":"ws6cerynr7at4t4n2apkm","walletAddress":"okWaHuZEnWJcqGkXBd8iXjuV98gEPwoBJHFWCxXrWEBW","type":"sell","amount":7068.407737353024,"price":0.0006548197153531174,"protocol":"Jupiter","timestamp":"2025-07-09T18:54:23.681Z","signature":"tbXpGkZtEXUnEpv9TX848hRmCtrsG2QN6ftDvns7YYQiomxwaK8i4YVPJNX4fdV7jUGctBnSXcBBkamxLU9ywnhU"},{"id":"a1lwd9vvpuz2mjtwe3rr","walletAddress":"B7SvchafGqwHKPXmFJFNXsi1ZUoztZFN6uMK6ZRjrJWR","type":"sell","amount":318.6485039878483,"price":0.000946531219587884,"protocol":"Raydium","timestamp":"2025-07-09T18:54:20.477Z","signature":"ESEzm6zMZGWGDeHJp4T37LuPdCcxSwefN8aHXp84qdokDg9NdabRGzVbpS2ZKYrBLhZnPPMgxgThSDuhHkkBMyxR"},{"id":"bg2lnwj2fld6g7u07e6fah","walletAddress":"8RitUymSnNqg78iQ7HkQu2BCo3okccCYmnoV4opEWite","type":"sell","amount":1458.1216547620966,"price":0.00097510144428908,"protocol":"Serum","timestamp":"2025-07-09T18:54:13.290Z","signature":"mXkFBKHguFSjANSQ1fhC2WN8Lz9KveXtpHNYdBUPVutTPCxnu66QAHiPNCUfbBGuc72TViVke6fvtSzXd1pKMkSE"},{"id":"xt7yebe02t8egx0qw71oze","walletAddress":"YMBDZuZoqNKq773CmMhBfyddJRXWPrxjtPGYSd8mKd8q","type":"sell","amount":4800.2414957290985,"price":0.0008382233760805763,"protocol":"Jupiter","timestamp":"2025-07-09T18:54:06.310Z","signature":"qjKdixe4YVBDvDQZgxsDMDLEzWoXa6se45M61AdvLvAehfDYRJAaCsUyFAPESR5YAAADxsvnQpsXFAYQzQgPrDTW"},{"id":"yfjlkir9q3gmwxplf893go","walletAddress":"YWTpRvc75kJxm2MExKWHQiskm6dXehgUTtzWNQfnKxjv","type":"buy","amount":603.1289102963087,"price":0.0005209042610354312,"protocol":"Serum","timestamp":"2025-07-09T18:54:04.201Z","signature":"Q9be2zL41SjPmJLwPrAo2SkZG2vDhAwg2YUdV9pNq3njXJxjqTc5tBUpuRjgLhCPgD7NxgHRzrNV5q9zXXCBek3L"},{"id":"vnekibunflj2xikeus07","walletAddress":"gEmiGaRHh2qFaKvJRd6t1XrH22PjYoh3uqvDaG53Ht2G","type":"sell","amount":9354.99402918801,"price":0.0004630244425112246,"protocol":"Raydium","timestamp":"2025-07-09T18:53:57.793Z","signature":"8fjumyfVia2AFBpSUSSY3jXQ2ePk46X4bMGUKwF9dbeRWiztkudGc1nLbuusmWdXokbZ4nq7mCxr8VFHWeUwMuWG"},{"id":"0xzdbwgsrm83xe243bep6b","walletAddress":"GJ4Hnbu6QthstYxoKMWT7hi66E17cAJyFEC5mgupbSGE","type":"buy","amount":8031.41426936409,"price":0.0007400509493282463,"protocol":"Raydium","timestamp":"2025-07-09T18:53:55.241Z","signature":"5TgCsHjSGmQRMj3JB3ch8q7nsyPCvMaYFNn1N5tzBvQYqb3zhbPmzbrQrDzcKKndRyvYtpsUJsvQ5ak6K8ZNWg1u"},{"id":"xit0n7zhzyix7nxfdjw2o","walletAddress":"YzSbkEAu8dU8y4zr5RNHiRpJM44yiXoQQTyVNDvL8Wt7","type":"sell","amount":6385.3222506471875,"price":0.0003578068440780079,"protocol":"Serum","timestamp":"2025-07-09T18:53:52.567Z","signature":"8jKFyvL6wNRf83NU6PkHDPtEZP3JrNa1naxfqKAoLPLQ8ymBYWj1Up3t5YF4uoRmAhJL5T5sZ48ufsVZrb15AJ6X"},{"id":"mzs9ghyxk2sqvtmjlh14tq","walletAddress":"2E6xojnHWJxF4Bzon8iAcWqCnJCev9KoiGY8wB6odh7S","type":"buy","amount":3624.6982861175734,"price":0.0008970867248914298,"protocol":"Raydium","timestamp":"2025-07-09T18:53:46.554Z","signature":"K2kfnSCRPHbeM5C7Y1kcQZRLzmQdKKq8xsrXBiyZG11uj3jt7Y1c1thVyL2tWaEFEeQcuePV5vUdMXXR4dU7Tj7e"},{"id":"ydxud2ncq6yuza72gj3mj","walletAddress":"7r3K7hPA2QK8eLyiyjXHw1nwbfo7LzZj9ddpR3Ss8FD5","type":"sell","amount":9002.24940889675,"price":0.0009855145500908293,"protocol":"Orca","timestamp":"2025-07-09T18:53:42.288Z","signature":"8b8g9VQVxTP4rmiviSptnQvRg9EeqJow4mN9NKbb8NzmR74CZna4jNWhvFoDv2Ex35R9dDbkHhzsX5QRReZ66AZr"},{"id":"sb6gsjztmtnpwfnv0lqijm","walletAddress":"MxMi1Tc3xhbaoLKkafYMzoyKxCTPEdABfLPD2ZHFZew2","type":"buy","amount":3085.577529209671,"price":0.0005558354430400875,"protocol":"Orca","timestamp":"2025-07-09T18:53:34.117Z","signature":"p7gNLVq2o6dEjXhSta5zpL3XVEMbeMCqiGZJtjSG8xYeeVDbvYKdqZZjZjmeNk7WxMqxhfmCwUx6YGczRsKu8pLF"},{"id":"6dqbniwrpzdjc22kozgqg","walletAddress":"wM4jHhh1TEVsL8ePBFNZdCF1uSSn3VVw9kynuXJ3SLft","type":"sell","amount":6396.901724488373,"price":0.0005616687029608074,"protocol":"Serum","timestamp":"2025-07-09T18:53:32.818Z","signature":"Kf4HxYcmZSMLXvn6oUvrjTtbmMkuV1XKTs3EGXo9g72TPW6pDzLCrK9hRLvbozfz7XGf5gkVBhxm8i17LbPk71k3"},{"id":"c0ww7hs92whqo7qnnpg6q","walletAddress":"xKse76iJG7X88UEEsmcpQTy6CEiC8FNhy5KzjVcyts59","type":"buy","amount":9910.913855390972,"price":0.0008411781005587051,"protocol":"Orca","timestamp":"2025-07-09T18:53:24.322Z","signature":"aXkK7HNUJQWzVpDLqvo7S5kgiC8WvwKrqQwKhUxk3oNoPVa2MaDmBdRkE1ryrzFwY6vuX91bRSsymmTCEDwkpEPw"},{"id":"v5sa44882qv561207s78a","walletAddress":"42kxcTZgPdpTKLH13c8GpZ3iH2JGTA9Q7B7diYv1TpQo","type":"buy","amount":5956.775949201058,"price":0.00027736068333257893,"protocol":"Raydium","timestamp":"2025-07-09T18:53:18.708Z","signature":"Sx6Ank1813pYfuJ4Jf2YD6c2vvHubSoPoCiKpKtEwFBAqbRU3j6GqT8ufr8RZc4NkhGZpu7hV6o5uqDvBo3EjnUy"},{"id":"2injj0u6th7o7n99rgpiq8","walletAddress":"Puchm6Ztoz1t6qUv18RBkAhmqCt8xWLE4yT5nVSYwD5F","type":"buy","amount":7033.129183761275,"price":0.000342466336159332,"protocol":"Raydium","timestamp":"2025-07-09T18:53:17.065Z","signature":"pgQVumxoQUnrn7D3FyLpvucGuS7RtUAX4iUqM94ZyHEZt6rd14pPjesTixmgk5Uj8cYDCotvS6avAhvruqSP8HmG"},{"id":"eg7spwwrl5jk59mdsbp8r","walletAddress":"YMBDZuZoqNKq773CmMhBfyddJRXWPrxjtPGYSd8mKd8q","type":"sell","amount":2281.189125472025,"price":0.000587686516569033,"protocol":"Orca","timestamp":"2025-07-09T18:53:12.008Z","signature":"R3C5CPLyLAVm8NsB7g5YcuquXy8BSqUV4v4gfuMaCUSGamtevoTEZXYbPBqfXEd2oEHxRS63gtsLo4LSQLvYDg6c"},{"id":"b0458ercusteo207l8pl75","walletAddress":"nzmtsBRmGbWXBs2QJnJ7Z5htoXFEo2kT5uZMtpZNuqjk","type":"buy","amount":129.83198272608288,"price":0.0009370274709014041,"protocol":"Raydium","timestamp":"2025-07-09T18:53:03.276Z","signature":"Wy7BiEGyroZwaTzqr7TggutzSdNcbQ7HoGiHmbTgPReLioWXfgQvPNizXnowhaKjhymH42s2Fa3sKRTSPC7uorHN"},{"id":"gq388heajgnerflxnm6xbg","walletAddress":"q2AotiZT9U5HoAypEB2KXAQssujj9KoBDPH7biYxGFpc","type":"buy","amount":6518.6029510439275,"price":0.000146094690445871,"protocol":"Orca","timestamp":"2025-07-09T18:52:57.434Z","signature":"aNDzjJ58ZhxcwzqUSL9SeYbQu6QrC1XGWEBkKbJxYSk8fVmSzBSJTth3ridZatZ4AvxmsQB88RozwQUfEdGPFf32"},{"id":"1rew13xf9ry8ndn206nfzx","walletAddress":"5vyU5SEQfuRg6K7xQFbzXSHJ6PFXmnA5kbRqP9T9vbLR","type":"sell","amount":1332.8394839709867,"price":0.0006210584115684348,"protocol":"Jupiter","timestamp":"2025-07-09T18:52:51.799Z","signature":"WQQTLVzsiEQiE71QWN7aHq8mDXHGRXJaYBm5KEB6DcxwU2hzxagkt13gF7ihTKN6aprJU2gUphp2fFrtsMRj8h2T"},{"id":"buejhq64dh7w2qkqzaf3db","walletAddress":"uKE3xLKJfchPNvsnv7f3gQ5n5xfF7mu7uGo29Jyh45pC","type":"buy","amount":2923.650466019549,"price":0.00034131830588257986,"protocol":"Serum","timestamp":"2025-07-09T18:52:44.442Z","signature":"uF72zqKGx1PWpEMUeavpnWqwXriRzZuvth6XSrcYPX2h6WZDruKeCnzQBpWz4WWLdsYAq9GwLsV1CCAmRvqG6wRF"},{"id":"x9epigz7wfc1d6k5onjgko","walletAddress":"42kxcTZgPdpTKLH13c8GpZ3iH2JGTA9Q7B7diYv1TpQo","type":"sell","amount":8847.620712039454,"price":0.0002844302379307399,"protocol":"Serum","timestamp":"2025-07-09T18:52:37.882Z","signature":"1KjtLwJ3JciqHXnJqo4owH1MW6muinuAFTxnrTtn2AaUtpfNtgtVacWA7jpdqpRZATKATqNhmXxLdxtTaPxzNLYx"},{"id":"k3g5ybcgtledfv7m5w2027","walletAddress":"xKse76iJG7X88UEEsmcpQTy6CEiC8FNhy5KzjVcyts59","type":"buy","amount":3246.0185121440663,"price":0.0008306829834020257,"protocol":"Orca","timestamp":"2025-07-09T18:52:30.666Z","signature":"TDGwaXEdtBRY1eamDoWPDGVxkLGfJWzj61HnXSA2iuBn5JwCgF14CQF5LYzLatb4t5LSG2dRnBLwdYrgo9btyAge"},{"id":"zrxk0nt4kmoqkx0gypjoes","walletAddress":"mz86z4iwzrsCRkvdpdqCrz86hquHhhKR64eJkRYVK69z","type":"sell","amount":9174.027637556408,"price":0.0004365541561561667,"protocol":"Raydium","timestamp":"2025-07-09T18:52:25.307Z","signature":"1f5ecnYq8DADX5jYJ9onMXrWKB9ykJnfdPuTW8bERuYS7vKDGV7gDCwjb8v87yiXcNojLS2X4tyC77taVQQs8jZo"},{"id":"50f5orzp5nrm60smec75kt","walletAddress":"isdmKN328QHNcsT4y5GF4F6fgwGZVWRSEzWnNf5j61yg","type":"sell","amount":7739.914820691047,"price":0.0005729943203376168,"protocol":"Jupiter","timestamp":"2025-07-09T18:52:16.809Z","signature":"jfFYiYWi84yY8UmmZ2XntwVm94qcDJtwGajPxF16cdFYAoD786ZL6YSne4U49BUKLqG8dGYbp95S82dxNF5UvFbJ"},{"id":"tv44lrr0uwk1ia16hcj2ll","walletAddress":"JWerKimHcpATDG7W5sUq6myjbLVP5MinMiGy7bibDF3u","type":"sell","amount":8494.859369733455,"price":0.00042842730117284556,"protocol":"Jupiter","timestamp":"2025-07-09T18:52:14.886Z","signature":"6aPoocmHmAEzxaosqKbJ358SvYm3vCS57zGykhEnN9iqZQCY3VedNft83ttu4udkyZR4fy5iMBeZmhJHFcmQux87"},{"id":"v12styy5cibizfrsg3teg","walletAddress":"ok9aFSUWoK627cx2aSjGLt8iuUbKTni1KrGKBGWQWZ2q","type":"sell","amount":8191.373563703166,"price":0.0005451961383670112,"protocol":"Orca","timestamp":"2025-07-09T18:52:05.557Z","signature":"RtNsj58sgvqYTNutyg1fQUBL7KRjFo89jnH2ynReGM9KnkorTz4Q2HHdymES9dYKkXUKuaVHd71UPQiuyYTyxNDX"},{"id":"13gajfxu0tridydzgu9vtfn","walletAddress":"Hc38yJNqREmHXVGmd6D65wuYru4oxHaTDoBhPR3Q1Kd7","type":"sell","amount":283.98495372580646,"price":0.00028469240346191705,"protocol":"Serum","timestamp":"2025-07-09T18:51:58.570Z","signature":"TYALui2NG3hZ3qkUdMEqk1CsazJMA1iJeZs6iNYYuwJMrcnRuPjAtb5ZMZQuC6BNgjgq7sgLdfN6CY41rfuzQGXn"},{"id":"c4lkx5d17cglzl9rovyb","walletAddress":"72T2yCCBjdmvTh9mpqFny6H5y1FKvMpKNGTbmyBMURaa","type":"buy","amount":8316.816399672305,"price":0.0002243010941361953,"protocol":"Orca","timestamp":"2025-07-09T18:51:49.294Z","signature":"xgYDAQs2bB3Zmpvrbbov2vHT6VV2MjyopdeFJL2z7q8AZqnD9JcrphLvtDRrb5BnBw7oqcUC4tL7mzniJkwcuiBs"},{"id":"exisgpqk80rko7f5mfvnzo","walletAddress":"YWTpRvc75kJxm2MExKWHQiskm6dXehgUTtzWNQfnKxjv","type":"buy","amount":4747.996515062807,"price":0.0010760994037344624,"protocol":"Orca","timestamp":"2025-07-09T18:51:39.316Z","signature":"42jpaMfdUFgMcYSGVZ7cxfZXvnNVfdcw51yWkF8pBmh3kM5Pk5Y869H6ABxbycb5vYv2JrY97syRPcwMXFjApwpD"},{"id":"om7ckqxjtbq1eunp2v432h","walletAddress":"v4hZdZtdVdEFN2CW4kVJow1ejKCx9KThfB4LPu9Uw1to","type":"sell","amount":5964.777570821362,"price":0.0005381740712335079,"protocol":"Jupiter","timestamp":"2025-07-09T18:51:35.059Z","signature":"p64LmKS6QPnxrUv3Pa4utCVm2CDBog4YU7B3cY6mPFptdwqtXcUTfPJMNQS83x3AtSAuxxQCrqHhQuBcABUPxLC6"},{"id":"iu6cwi0awtpcignkyhttc","walletAddress":"vddYkhLe1gMby8L3kSJBxgWEPyAb8XbzLYtXnQ2tT5e4","type":"buy","amount":3952.9983162299054,"price":0.0007434220133723286,"protocol":"Serum","timestamp":"2025-07-09T18:51:29.875Z","signature":"uK9gQgDWSDU6JK6ynaZ8jTt9y5naJrUX2pSqVxQqfiRNZGwZrJdbuxZmNfxiWWj1k3H82f86g6w94UQ1ZUs9XwNN"},{"id":"aw3pc72xffq8bm1tc3b5g","walletAddress":"EgFNZsiQQko9qZZQ3joaE1oDtpwx7FBwzrXALQ3grqqc","type":"buy","amount":5865.234055211909,"price":0.00021005511788446468,"protocol":"Jupiter","timestamp":"2025-07-09T18:51:26.808Z","signature":"78E8NnFVadWDBohLywJrzmAmksRtfpgStrtziXK19MXHpNJEqN4sdFQcrFad9qtBT4nJFtvfvySSxiVedJgnk9JS"},{"id":"5q0uo195i3ok1j6a99m6cr","walletAddress":"SZ1v2JiP1Cqco6VN1tYW3iftBc4YAZa3vPMe3afF4D6v","type":"buy","amount":9493.307475202562,"price":0.0001040752154567354,"protocol":"Serum","timestamp":"2025-07-09T18:51:21.350Z","signature":"pYsQEiUB9taMGPvnCroj8FYZSKDgZq9YXCBREnbdvDQZRa7t6z8s4mk6spau5wYugeZvvMRQcnmwWFX3HHjCMjQw"},{"id":"awnznlirym08268eu4lcvb","walletAddress":"xKse76iJG7X88UEEsmcpQTy6CEiC8FNhy5KzjVcyts59","type":"sell","amount":1461.8806906621073,"price":0.0003462785616577563,"protocol":"Jupiter","timestamp":"2025-07-09T18:51:14.484Z","signature":"Rz1pDYKKqn7heDjTmaiXLzJ1eqcaHbGzvbDhxMx6HutvHYME8xfrbYprNaw6uV1FtTp2wE6sHrdc7uuLkBGqZBVG"},{"id":"q3br8vtuxvcnb4fb51m7gg","walletAddress":"Hc38yJNqREmHXVGmd6D65wuYru4oxHaTDoBhPR3Q1Kd7","type":"buy","amount":8606.996229211783,"price":0.00010459199195548866,"protocol":"Jupiter","timestamp":"2025-07-09T18:51:12.977Z","signature":"7xC9fZ8CgEs4Zgo8xg5d56xVCQDEfKobYNw8y9M2hdaFmsmY2QwK4qc9zdiq6fQmat3H9pHtEzhB1bpU5hK9nDyK"},{"id":"u0olp37rurl7vskzvb7fm5","walletAddress":"R848QiAUJHFcWYW4ZuBVp1RfoLhWABrD2wpmwfvk8zxQ","type":"buy","amount":1961.7864027867447,"price":0.0010248497823456383,"protocol":"Jupiter","timestamp":"2025-07-09T18:51:05.819Z","signature":"w6jMhuqd7VM8jH1mL1mqeayn5EaWQTgMdVMzRDDwZWdmqaQLNGQJwW5wBbDV88uJfr5GvNK38idJQFmSVoLkBR7H"},{"id":"qsy18xtei3txffs9bu6vm","walletAddress":"JWerKimHcpATDG7W5sUq6myjbLVP5MinMiGy7bibDF3u","type":"buy","amount":2421.2222226389144,"price":0.0007002585929348171,"protocol":"Jupiter","timestamp":"2025-07-09T18:51:02.683Z","signature":"4RuiToGShh8JVLDKiL8XeXYS5EEpasiGPWKPtvZQStoFGjQmJtX4kKgpC5P5jJth3hmsmNpt3mGi1WzXiHfMUMnv"},{"id":"b3x0isezl5socm56exe2rs","walletAddress":"przFB6ghZfmMYxVxzJ8Y91B5Ctz19BUbN6LgGSVH8X78","type":"sell","amount":3962.9620148462695,"price":0.00025418806182810066,"protocol":"Orca","timestamp":"2025-07-09T18:51:01.369Z","signature":"bXjbof8huXCBB6FVFvymbqCPyCw1WdLEooo5mZV3Kys9zfHoeTaYJ5g7WNJWZMpVKuq2nKRp4n6p5wFuH6iX8fue"},{"id":"g16q6jqb6bvtb544tajld","walletAddress":"AbZbdA7mQQKLLCqmXoEz31FtReXpAHNWJasNfQgUeTCd","type":"sell","amount":6975.385712235982,"price":0.0010469546659612815,"protocol":"Orca","timestamp":"2025-07-09T18:50:52.287Z","signature":"ErYvVQvccbjAz6aF2zy17uDvWGLpdoWqAWTfQmvPh5HRotA3APtXypSFPQrgoefGTGJdxJQ47fjp3ZSHj249RaQZ"},{"id":"m1piow07ic3bidl8r2n5l","walletAddress":"C3ddtnLw1u8S7D4K48zgoj2rgpgAFqYvjSnenb1gaoje","type":"buy","amount":7534.923796391935,"price":0.0003799867474454658,"protocol":"Serum","timestamp":"2025-07-09T18:50:45.610Z","signature":"f7eC58E8pUK7UNsXSvpZtz1en7uJ3WvVAZoX5xHZayp8HvUb6XDf6zej5GHeW9XGmMDpte3eEJseTdLvbBc6Hsjo"},{"id":"otm7br9wrvl9xaw8e6n80i","walletAddress":"D3Toy33yDxX8jASbLPDfpyNtmwKPzRnGAgDGabze13dK","type":"buy","amount":9866.557631765181,"price":0.0009252431779843814,"protocol":"Raydium","timestamp":"2025-07-09T18:50:35.917Z","signature":"t3ibFVohK765s5NDYbx3UJpGYvCcJHdudw4dpn4NStKYVun6TTkzQpVUZboawEnWZAjS3nmViLb2WjTbDzqyRAZ6"},{"id":"0ms0vdse0255iokbtywsf","walletAddress":"nuQWZnfeSLnPkHDkU7mQnGLRigkfpFF97mr4SGyviV6U","type":"sell","amount":9833.354735053985,"price":0.0002997120045922105,"protocol":"Jupiter","timestamp":"2025-07-09T18:50:33.114Z","signature":"opwcEiY3kK2ESmRUoNHwzKYR2daVynK6x4FBvzHdSfwhdU63VGUKi2GMqJSX5JJqdPXySzNAmmaoZMLNj34PMsWA"},{"id":"wxek0a8305z665eu18k5","walletAddress":"isdmKN328QHNcsT4y5GF4F6fgwGZVWRSEzWnNf5j61yg","type":"buy","amount":9770.114396966464,"price":0.0008310285394257456,"protocol":"Orca","timestamp":"2025-07-09T18:50:26.159Z","signature":"smaax88c3hX4gW3yUk2LMUKrf5ruqE8SXytb7CUFCy7VaQSuUDHNcgBx6wjgTJi8PUSAGQDSSWRUaJd8yMuGMCuT"},{"id":"r9ztyvq0858lm2uevonrr","walletAddress":"11yTiEYEWUjqn77avWsPpLyA2v5pTMLb2pxtpjEmCcZQ","type":"buy","amount":7606.288339395295,"price":0.0010182374041361312,"protocol":"Raydium","timestamp":"2025-07-09T18:50:25.084Z","signature":"YzHVN4Ectabny4yivTrMZcWicxxvqbQ2DRVrafJqrYuGVkTHQ4iuwNP7ACFU1aut7PUpfzx9FgHj9X36zJthzhSu"},{"id":"3l0qmcd9m5l013jlbbvrb","walletAddress":"L6dFirr4uYJ4QQdFgb8ocKcknLKeLCs7nD1mNiMTZLox","type":"sell","amount":9200.502117355687,"price":0.00024195854086843984,"protocol":"Raydium","timestamp":"2025-07-09T18:50:23.867Z","signature":"UFPwdEUTsHsYDJvX2vbTaa6hRGeh4zk5ZTLLh7frqk9bf1N7PTu7oADxdN5x84e3d6Df679Mdq1DStsJ5AKxQyaD"},{"id":"ktjkkdgzw7qy8mt6wc054o","walletAddress":"b8R6ekgMaPqBVAyxLQUcnU5ZtPEtVoqejT8m7oxKefb3","type":"sell","amount":614.2511659415438,"price":0.0005018935256933931,"protocol":"Jupiter","timestamp":"2025-07-09T18:50:17.020Z","signature":"peWZpV6tgCGjsRteiXBDW3kzfQi8biznfNn2JcVcsN4QxNQC7JvTRSAd71DUopohQY8eX95NNNkmbjiGgkTNTwKm"},{"id":"1wsqh8b9nsioocvgj239v","walletAddress":"L6dFirr4uYJ4QQdFgb8ocKcknLKeLCs7nD1mNiMTZLox","type":"sell","amount":1025.8627041251489,"price":0.001017636372924061,"protocol":"Serum","timestamp":"2025-07-09T18:50:11.919Z","signature":"m3mZTpQ2kkgE1bzh3ipMvDscGUsZoKxbvUgMck2uosdz7Y3PT4gsekYpT9k3NTBxFiTHvuieJu4DSQUkcK4zA95S"},{"id":"0miit4emqioo8v4ob32wour","walletAddress":"q2AotiZT9U5HoAypEB2KXAQssujj9KoBDPH7biYxGFpc","type":"buy","amount":9978.53822965024,"price":0.0009412365365515495,"protocol":"Jupiter","timestamp":"2025-07-09T18:50:08.854Z","signature":"rC3bZQWiq22DDK3MvjVeBMrm5fC5drpoemTnTcvsoD2K8Ku72eRzXEvNrFjpgqnAXaRKWurAVJHwgDthMNGutSqo"},{"id":"bnix5d3tm2bu1y3sp9kj4","walletAddress":"Hc38yJNqREmHXVGmd6D65wuYru4oxHaTDoBhPR3Q1Kd7","type":"buy","amount":4632.792605895104,"price":0.000372401040912684,"protocol":"Jupiter","timestamp":"2025-07-09T18:50:06.874Z","signature":"saGLbiEnzKpqtJzw9zt2ikoXmfTcZxx8x77jq9KQRDbDz1cWjT67RyeDyM9qghg1AmWzitjJU7HM5kBFcE4uCdiY"},{"id":"mms85y7kc9njajfdmpwdo","walletAddress":"ejzho8TjEoVjdLi818KnBisQZjUm2UZp733gXAUJnHHj","type":"buy","amount":1117.339701198081,"price":0.00047213345252369545,"protocol":"Orca","timestamp":"2025-07-09T18:49:57.516Z","signature":"v6tg3iHcB3nM6vHvWWGSg4WXghFfkdsogeFNPZDYMuS2hPf3SeXJj85u5H6LxWcv2tbnYMvThrCQFiUUnbSk2LBK"},{"id":"nqskf51mnpqjsrm53vvnbh","walletAddress":"diXcWyumLixYcXdcfJK75aETRr62k1yAzAvPcAx1zKBE","type":"sell","amount":8988.207216910187,"price":0.00012099033616799041,"protocol":"Serum","timestamp":"2025-07-09T18:49:51.278Z","signature":"7uHb4yBcqLrcGFjgJDAe9HUrPq1NYieEhmFKqgLqd2ugSXv3WXkYRNPP1SDw8pUU1pc8RWdcFSdMnAUj88YJvQF4"},{"id":"2ig6ywewfgl68122j566iw","walletAddress":"BS7cQdjwz2wvukYxjzQcCmeguLZdUFCjxmqGmKpRBe3R","type":"buy","amount":9369.444043986736,"price":0.0005687967692535796,"protocol":"Orca","timestamp":"2025-07-09T18:49:45.852Z","signature":"KUx3fdtM51NHxg3uiH68QEDMmG11rVSU3bmqHZDNhyThVUz5VzPPFJSedhUV2p4DEZqQDpzxnF1ryBtcGePByMha"},{"id":"c4n5vz8e1ljekdeeqox626","walletAddress":"72T2yCCBjdmvTh9mpqFny6H5y1FKvMpKNGTbmyBMURaa","type":"buy","amount":7398.078708693567,"price":0.00013846397637996634,"protocol":"Raydium","timestamp":"2025-07-09T18:49:42.663Z","signature":"kKoDL4FPcHFrEgaMaT3gRGFgYTzpNjrM7T6ojjiGmWkBAg1SihMUZKu42oPfYCWDgDTrEcyJAFEGjQDA4H3qvjA3"},{"id":"iccfm8qtagep3gc4oxtbtf","walletAddress":"snqeUMMMQsD11A4dVt7x5WFZ6pDwRoc9reobiSnpd5Bo","type":"sell","amount":5113.915798051225,"price":0.0001718211729067879,"protocol":"Serum","timestamp":"2025-07-09T18:49:35.721Z","signature":"vVPsM3EJ7UNnRbo9ppjcZt7iogGUKfQWUEJ1JKatNJPGWujFnXuK6qzxRkFe6AjcFTv52ETG97ho24rdJF12wAvz"},{"id":"1wxsydws9t9346vbb81n0l","walletAddress":"7VLKZprn5qhZecCmtqo2JKLPRrFrAAXMLBZQA7vygtDj","type":"sell","amount":1970.0030033498826,"price":0.0008354501120932036,"protocol":"Orca","timestamp":"2025-07-09T18:49:29.585Z","signature":"9jgXdxKqbLJH1VRGR4hiprSpxaEvoR92S5BJBeCeCDqr4mfqt1yh498siDguzQe1U8zsgK9XwKMN7kM7FkziL38y"},{"id":"rzulql2ra3r0v9upik4ydq","walletAddress":"diXcWyumLixYcXdcfJK75aETRr62k1yAzAvPcAx1zKBE","type":"buy","amount":3288.6123452665106,"price":0.000153880186768025,"protocol":"Serum","timestamp":"2025-07-09T18:49:24.057Z","signature":"6oBsiquB54X5cVqHD9D7W78fExAyvDbt5a2RBZkJyPQGYKYgXLSoraV3apRKGKLJDBKYzLaZG7TLNgGKrAS55tyX"},{"id":"vkeiscb62sd1ibgbmhul65","walletAddress":"BS7cQdjwz2wvukYxjzQcCmeguLZdUFCjxmqGmKpRBe3R","type":"buy","amount":5534.713580631156,"price":0.0009034028965670042,"protocol":"Orca","timestamp":"2025-07-09T18:49:21.054Z","signature":"ZvJLbTgxrptWN1DbYtaGwz5PafAWN3KjYfCpL4XH3y5a4FqZShd8Hs5ybue2uMGeDq73wQio29YfJshLpWwYNcwU"},{"id":"50kmrhuvp7goszuo5ev4i","walletAddress":"5vyU5SEQfuRg6K7xQFbzXSHJ6PFXmnA5kbRqP9T9vbLR","type":"sell","amount":6334.438625692278,"price":0.0008892887696943974,"protocol":"Raydium","timestamp":"2025-07-09T18:49:15.803Z","signature":"aaYRSgZNUPU4R2WstskssvdtBuGWWDUMJ8zz5rsWg8La4XJEcJJMujT5GnQMmpeWvm7tn6Mo8dCZhwJTuq7xr1zx"},{"id":"3zligy5yd3lntcygszf9","walletAddress":"sHTqDov253JFaR3Tt8GKchuJPqEyxAYDoGz11aAJMc6C","type":"sell","amount":7077.511844109527,"price":0.0007903730951079486,"protocol":"Raydium","timestamp":"2025-07-09T18:49:11.715Z","signature":"8NQJmnZdLZRL81fceK5MtheXm8aQUBdJpygwALWk6SmKkUJJEVQa5hykHKcJ37hwAZn48ss5NiDvNf3ZZWH1LW7Z"},{"id":"q4lin1ldnqgneauoo1po7","walletAddress":"uKE3xLKJfchPNvsnv7f3gQ5n5xfF7mu7uGo29Jyh45pC","type":"sell","amount":9352.442740219843,"price":0.000947017344350508,"protocol":"Serum","timestamp":"2025-07-09T18:49:05.938Z","signature":"ekpGeU1rCnCHdDTCXZaS8HissTgNjpJgMd1hH2zR8o3krhKjo6zzKybDNQT3qGfxuXuVdaNrrH5V3yr8s19ss1XQ"},{"id":"xnglnm8mwoarb0rvpdygpo","walletAddress":"SZ1v2JiP1Cqco6VN1tYW3iftBc4YAZa3vPMe3afF4D6v","type":"sell","amount":2909.0422414745353,"price":0.0007454714261765591,"protocol":"Jupiter","timestamp":"2025-07-09T18:49:02.399Z","signature":"Zq636bucsp51MLQaHaXA8523hzAtnSzC8ynqr7LEU5SNYDWaPaYsA3KuTxCPshbCb6dxDHZ2ENZ5BuLuqBSaM2XT"},{"id":"hyu0s7siml8a51a4ehhluq","walletAddress":"mz86z4iwzrsCRkvdpdqCrz86hquHhhKR64eJkRYVK69z","type":"sell","amount":8376.34343325915,"price":0.0005058779275957041,"protocol":"Raydium","timestamp":"2025-07-09T18:48:52.768Z","signature":"HTk4qf78Y1o1acNVNMiXUYB1d6CSmRrBHsAqZkpF5poxYDJ3Bx9Kq6zYPnQuEhryzaPwFjmKR17FzusbQj7YuTHQ"},{"id":"j8put9lp1hqki510syxu6h","walletAddress":"q2AotiZT9U5HoAypEB2KXAQssujj9KoBDPH7biYxGFpc","type":"sell","amount":2278.1712181700263,"price":0.001038418826046927,"protocol":"Orca","timestamp":"2025-07-09T18:48:47.027Z","signature":"ZbwZD77pEoKeAtHQQuhgMEnH27v6ooAptxj85vC6gwxFzxBRpS5FG3QoBv75JEFhTv2QSPez8fBcQm8XhLZtMuMh"},{"id":"n4v47jwxxv8qo3d4pm92cc","walletAddress":"8RitUymSnNqg78iQ7HkQu2BCo3okccCYmnoV4opEWite","type":"buy","amount":3577.3572732290827,"price":0.0010168560828912629,"protocol":"Jupiter","timestamp":"2025-07-09T18:48:43.436Z","signature":"4YHhYbzF3G4UNsSj1w7iy7irCBZ6PeFTjpgWWC4HyGtR3KzANyxcPnaDZqhsn26U9pmGz6jFkXgZCeGNM6rJv869"},{"id":"v7s1xal9x7dwe8mg4alqr","walletAddress":"K9QK3EdjTqk9HWwvLPNPu49Kv3RMnr5bMyE3WhrNChab","type":"buy","amount":5573.675666530269,"price":0.0008774569453323888,"protocol":"Raydium","timestamp":"2025-07-09T18:48:36.034Z","signature":"sr4E2VJGBhfFB4H7SntgHFZ16mBdEK5dnTRmDZ6MUyQkP9s6887iSfFnGQcbkZ6oDtftvc1hWxS4QfHBMGia9m92"},{"id":"zjs43457mqdnklj9nmmu4","walletAddress":"L6dFirr4uYJ4QQdFgb8ocKcknLKeLCs7nD1mNiMTZLox","type":"sell","amount":7940.522708636604,"price":0.0003688806924486955,"protocol":"Serum","timestamp":"2025-07-09T18:48:31.909Z","signature":"SQayvYuvdKALXdfRSGiWyySvh3MCyNwxrm2RUeJcTpemqKj9qMLyFx8VWhnHQuUrNY1VHT9xKQuV31cYVeMjecDz"},{"id":"xnytqj0ikwdy5y6e68wy","walletAddress":"11yTiEYEWUjqn77avWsPpLyA2v5pTMLb2pxtpjEmCcZQ","type":"buy","amount":9808.727669567694,"price":0.001070850910692396,"protocol":"Raydium","timestamp":"2025-07-09T18:48:27.286Z","signature":"Qn4sAL9Kso7AbVfzqj9bDs8de1FQp7mj65K1bwVKMD5wzHKH9jFfxiR6fr6yoPmNSpv5xQYC2ZckWTgrNRnkUNEY"},{"id":"rm3fteem6kfiiuf8vwq3s","walletAddress":"BS7cQdjwz2wvukYxjzQcCmeguLZdUFCjxmqGmKpRBe3R","type":"sell","amount":7992.328152348234,"price":0.0003063984361692002,"protocol":"Jupiter","timestamp":"2025-07-09T18:48:20.330Z","signature":"mugeMZR9xgBAx9FA6WkmYiWkaJV17gYmYFpdcmj1tUJkbTHusVJR18qVxeA7epAWDVkCB7mz84RfNJJMe5Thv4em"},{"id":"y6a0t0z22fe5el8xyzypb","walletAddress":"BS7cQdjwz2wvukYxjzQcCmeguLZdUFCjxmqGmKpRBe3R","type":"buy","amount":8428.38437372701,"price":0.0003245603824760798,"protocol":"Orca","timestamp":"2025-07-09T18:48:12.313Z","signature":"RdJdBbe36ZwgaEY7MPxxMxZxVUrSo2WBq265iLsn1F36uuZuxzuqj9xP8ZH4u2VcBdMLNJjuorWNTYuE8on3gEQm"},{"id":"xplp5fhbesk9hmb4w9t2","walletAddress":"yUwE3zqE4sEvAtD1RxFWEsoK7UGU9aidJjkQcrih1WPH","type":"buy","amount":4867.917499242504,"price":0.0008221025709704972,"protocol":"Orca","timestamp":"2025-07-09T18:48:04.763Z","signature":"w9V1jLrcQtkNXW9a8pWgYtckH22FFDhttrZ8CcEhQUgtLnNUgpzz88sGTeda3gLCMLS29niYT6Vev8zz5op7fX3F"},{"id":"yxwucvp2fohukmcb5l3fk","walletAddress":"YMBDZuZoqNKq773CmMhBfyddJRXWPrxjtPGYSd8mKd8q","type":"buy","amount":2270.093836838869,"price":0.0008164339278261281,"protocol":"Raydium","timestamp":"2025-07-09T18:47:58.979Z","signature":"seP5fsodQLeoATYL7CiqqNwwwpvibfcVqyx1bKmvqWHoCrwNA6e57qjxXf3NKkptmMTUAsMAJDHYB8oZG9pRFJgn"},{"id":"rpls3m34c6s5lv10f2hect","walletAddress":"XLqrLrs1EdR88c6oJUAFBTNTF7CpFktzBDezKeKPzazJ","type":"buy","amount":8785.875356956485,"price":0.0005362774354075154,"protocol":"Raydium","timestamp":"2025-07-09T18:47:49.867Z","signature":"T9R2cyMh79xxorcz6aJ777VZH81fC8zFhosyxK2pNhdjXheJ6cQmMa1e1YLXZRkq8yYhdVoayVJnn9z8NnjtFpGN"},{"id":"uo328aanz4dcdt4if4wf6d","walletAddress":"PAspzUVQVziC1YjTg7DZPtVScnY7XQvWmXH2hdxZPaDb","type":"buy","amount":8357.972934213762,"price":0.0009218610233188864,"protocol":"Orca","timestamp":"2025-07-09T18:47:45.685Z","signature":"CDaqJS2rXNko3V2vX9xjiNp3usoooMgHnKxZ36PwgTHAgFWD6XERGdtUBJpMZDnJJxDFcQbxkL2hUV5Pu5wH8Aov"},{"id":"9pt9cxyjsvf1gdeffgse4","walletAddress":"Puchm6Ztoz1t6qUv18RBkAhmqCt8xWLE4yT5nVSYwD5F","type":"sell","amount":6671.065041498472,"price":0.0010877981418753967,"protocol":"Orca","timestamp":"2025-07-09T18:47:37.408Z","signature":"5r518khYfpZofxpgPdmc5JVeZcmwYkQeRzjYmGhnuGS3YskqXJUG7AhohL2fhZErqN627heLuKwtZv4hKiUnKqf2"},{"id":"3xi8trz3k3rl6m5tn2ty3p","walletAddress":"Akpq3iGR14u2nYpGHteTkWyMQsTqzvH5pSPTP6RpvM25","type":"buy","amount":1160.1953453568203,"price":0.000919097524970883,"protocol":"Raydium","timestamp":"2025-07-09T18:47:35.829Z","signature":"A23yovoj6wMzf94eoeraQJzM41bBT5HRBvm42dLVY2jDyhsMu8Ycd5bBt4nfwdBfJ1KKWQBCoatNcUvxUismYzUb"},{"id":"bm6o0t1bvy5azwfp1lra6m","walletAddress":"vddYkhLe1gMby8L3kSJBxgWEPyAb8XbzLYtXnQ2tT5e4","type":"sell","amount":1248.3461159930864,"price":0.0006167151214235393,"protocol":"Orca","timestamp":"2025-07-09T18:47:26.808Z","signature":"XfwYdyM2WTxXN5R9iDcALXdFyPbBDb6eSzny2abbXca7cPes3BGDfSphtxwkoH64iogZno7BpW1DP4jFLG3aEV8E"},{"id":"cickf0je2jn8ekq76074g","walletAddress":"przFB6ghZfmMYxVxzJ8Y91B5Ctz19BUbN6LgGSVH8X78","type":"sell","amount":6946.336983360339,"price":0.0006256046394832881,"protocol":"Serum","timestamp":"2025-07-09T18:47:17.702Z","signature":"ZAB1WP568MZVbNP5h72s4ZUki4dDSHspwgLt7rNwEphpgLHm6wcCbZWp1wqXyhWDKUPecyrQuwjHv3dWtLoobJ9C"},{"id":"rjohgf1nw3sc36dzhnbhsq","walletAddress":"isdmKN328QHNcsT4y5GF4F6fgwGZVWRSEzWnNf5j61yg","type":"buy","amount":594.7364516691888,"price":0.0005361172831340075,"protocol":"Serum","timestamp":"2025-07-09T18:47:13.521Z","signature":"33BBCwXZNuvpdgXGrSY4Nyq3cWNM94GvkvTpyJ6osNCsqdv3dihzWbDZwHRL43rvfoR4szeH6cLH3iEwtU7UDNbo"},{"id":"o2fz3wai4ydodudupogit","walletAddress":"wM4jHhh1TEVsL8ePBFNZdCF1uSSn3VVw9kynuXJ3SLft","type":"sell","amount":9574.084607730774,"price":0.0005773983952112513,"protocol":"Raydium","timestamp":"2025-07-09T18:47:05.431Z","signature":"BSDPv4PQ2m524tzo15qSQkXCgQGn26kho8VuqWDjoTRASssgBjv6p7mE1axFJYDK8cGgnrCtTTvQWbAqXZ8xated"},{"id":"qivsgg3jztbkjz1gr4spvs","walletAddress":"tiNBqNLBa8V5Pi6DLtpyayq4a7Kmz3NeQ2Sp2CWS7LaC","type":"buy","amount":2220.0630540957245,"price":0.0007357704413607157,"protocol":"Serum","timestamp":"2025-07-09T18:47:00.582Z","signature":"NEWsZfEmCt7tt3vMFiDQRLahz928ZuV8Htjwb3qjQKXVLtW7HP8xbq6uZb9v8hMCXezY3vkJuxTRbm9iPbBhi8Qv"},{"id":"ohp2t6k3ykfsxtocf6n9ba","walletAddress":"PAspzUVQVziC1YjTg7DZPtVScnY7XQvWmXH2hdxZPaDb","type":"sell","amount":9738.438809852727,"price":0.0009775907089868612,"protocol":"Jupiter","timestamp":"2025-07-09T18:46:59.057Z","signature":"TvYwYAK5xZ8HBAXJA1KAL5Cooxm197LWK1QuMigDG8F3C3Wwmtts3wMPhZSYUANCaFkEkD9hG2XR9ZRYN8bB8Jay"},{"id":"e7w0c3k6tatsampcpp7btm","walletAddress":"jrGiTZrdfgrNvGm9eDTtEUwqeVku7yM4cV6KKcSDyzaC","type":"buy","amount":3558.7727942927636,"price":0.0010773017509877493,"protocol":"Serum","timestamp":"2025-07-09T18:46:57.886Z","signature":"xDg96QktTjTyHsZWqPZYy93vxUrk1crrR9dxQSEvz2WJobcG3naThpeqWeFsxSgioLT6FJeP6NiXGn4tksw1iNpo"},{"id":"bv3yr2uv8xpu9dvtfnbqf","walletAddress":"isdmKN328QHNcsT4y5GF4F6fgwGZVWRSEzWnNf5j61yg","type":"buy","amount":3483.119323456125,"price":0.00016799289287906165,"protocol":"Orca","timestamp":"2025-07-09T18:46:53.732Z","signature":"iPd5gnJNwA9qM68wVhDfTmcVFey9UTQUWhx9qB81KW218s1n6iEPRkq9SG1Gk9Dp2mwtnTq64QcyXfZd8kn5iGDT"},{"id":"rbf1t3vdzrgn3ltx5y71","walletAddress":"7VLKZprn5qhZecCmtqo2JKLPRrFrAAXMLBZQA7vygtDj","type":"buy","amount":8542.985175380376,"price":0.0007835624988171667,"protocol":"Jupiter","timestamp":"2025-07-09T18:46:46.681Z","signature":"QGMuJjCKsrcT5XHkhRC8NAgHHAb5CXhJmkhE94c4JcHqh3ypuJmTtTLJcusWitxstc3taqzKbDEEB7nVdS7wDpyz"},{"id":"nb128bvbkbpbgtgfkak4tp","walletAddress":"SZ1v2JiP1Cqco6VN1tYW3iftBc4YAZa3vPMe3afF4D6v","type":"sell","amount":9378.230523146132,"price":0.00021773633305268084,"protocol":"Jupiter","timestamp":"2025-07-09T18:46:43.698Z","signature":"nXRXWoX9GSB1tJVtaEXi5UnWsWtxr4N7wco49YhsqPz89RSKhVANBjZ3HeGk74L7EfXqJk1NRLVLnJRYue6t1zra"},{"id":"hxgne06prpqu25qhy1c7fj","walletAddress":"UBQTaK27mxbp7E6qzAj6ThGKWX1Zzk9MrSMX2U9JaeGf","type":"sell","amount":4122.228184077699,"price":0.00039236834419648884,"protocol":"Orca","timestamp":"2025-07-09T18:46:34.198Z","signature":"67Zfeh6Nitefg5qtB1v51Fo1ohE87cDfwahHAeUiwn3qNbgG3W7nCfCmSFoTyKFJBmyT4tGXF3B5NcFEmf3PSBhp"},{"id":"fo1od8fd52boce6ts6x","walletAddress":"BS7cQdjwz2wvukYxjzQcCmeguLZdUFCjxmqGmKpRBe3R","type":"sell","amount":7540.59183448772,"price":0.001098379020744725,"protocol":"Serum","timestamp":"2025-07-09T18:46:26.087Z","signature":"AUADNGhrQyGdbHBHcrEkwMqGp8WEiB8nnyrdyVjEKmRyWZSeprgFAp8wrrUvmXPS87WbTwLN9mWcV8Q3TYCv1zdw"},{"id":"lrz32llowjaau5nab9pp3g","walletAddress":"jrGiTZrdfgrNvGm9eDTtEUwqeVku7yM4cV6KKcSDyzaC","type":"sell","amount":180.68954731816012,"price":0.0005423457865677809,"protocol":"Serum","timestamp":"2025-07-09T18:46:16.599Z","signature":"dWuJHymNQmqqYxhTwK9hhRRMY6QKpNRSS3aLsfA4sMD8m19rJcLYno5sz6HTFTgmzdQdBXh4gUusmtXppPQ4ALE6"},{"id":"dq4fhm05n4p2n41xvr82cw","walletAddress":"q2AotiZT9U5HoAypEB2KXAQssujj9KoBDPH7biYxGFpc","type":"buy","amount":7362.520895808991,"price":0.0008894910525439892,"protocol":"Raydium","timestamp":"2025-07-09T18:46:13.420Z","signature":"i7LW3Z5ZCuNTuDdQw1ddTUTKHkuCvTHAmYNETAepDSmWy9wtsFNTqPJX94LfoEcExBLU9iVibMfJphrtt9bBdTJN"},{"id":"ksx1v02d8n7rgdpq1blrk","walletAddress":"7VLKZprn5qhZecCmtqo2JKLPRrFrAAXMLBZQA7vygtDj","type":"buy","amount":9567.829908233998,"price":0.0006961629150215214,"protocol":"Orca","timestamp":"2025-07-09T18:46:03.533Z","signature":"jFX6CTr8CGpvzQjisq62HNhNUSveuT9sWAp3hFYxmBZMxJs5jmjAsCtwCQczXufjP5KBYyW297RjHNyV4Zcj4hpi"},{"id":"75doqkpmlighfjjzyvqce","walletAddress":"PAspzUVQVziC1YjTg7DZPtVScnY7XQvWmXH2hdxZPaDb","type":"sell","amount":6242.092999960771,"price":0.0004700579074736603,"protocol":"Raydium","timestamp":"2025-07-09T18:45:57.806Z","signature":"rihknuLpUgXc7VKo9Ha7ipk55P2VBR13XLetpf3fjKME8oHuc7SeNNqg9dvysNx1Td9WtSybanVzjhjppPFeVW5q"},{"id":"xm9kzmp21u3khpiivsm3e","walletAddress":"YWTpRvc75kJxm2MExKWHQiskm6dXehgUTtzWNQfnKxjv","type":"buy","amount":9108.093880651364,"price":0.0001013949254253507,"protocol":"Serum","timestamp":"2025-07-09T18:45:48.944Z","signature":"9VcWiWh2VZyYrnDhsLCWvfoXrjZseKLRfLbRp8vgRKWXSs8hgVnTkrXZxtRD4qeLdkHmkgN235VCx8sZ5ziZP1Sd"},{"id":"vudm35m6tisnpb5x9uxtpc","walletAddress":"EgFNZsiQQko9qZZQ3joaE1oDtpwx7FBwzrXALQ3grqqc","type":"sell","amount":3608.2085992664533,"price":0.0005239517715613183,"protocol":"Orca","timestamp":"2025-07-09T18:45:42.898Z","signature":"nXFHdbCn6Q1KtBMCzEB63LKUgRhEtfW8mAXjjcCLt6R8ag8y8m9XH2f79uv6ED18ZeFqCtxBu7LqvTTJK5GA3Qo5"},{"id":"t187ho8b9s9o6z4vh1bx","walletAddress":"sHTqDov253JFaR3Tt8GKchuJPqEyxAYDoGz11aAJMc6C","type":"buy","amount":976.5342621911066,"price":0.000666486770298104,"protocol":"Raydium","timestamp":"2025-07-09T18:45:38.522Z","signature":"n8BMM7u6ixk1HpfUpVK1yF9fnAHAjcHgcLG8zWXNPRYR92zb4PscUf5yzCcYgVZSeWvTA2qBakzT5NFLUDynevzR"},{"id":"ntvnpxiox6gm2gvc2f1j7b","walletAddress":"vddYkhLe1gMby8L3kSJBxgWEPyAb8XbzLYtXnQ2tT5e4","type":"sell","amount":9719.173381304023,"price":0.00036185878319105374,"protocol":"Jupiter","timestamp":"2025-07-09T18:45:34.668Z","signature":"8mCLV6vzGryGRUeoULNoq6GKmVkqLW8ySnRg2Xu8ajZtxmKZKAVhdD9gu91ZoKdCBz2gUBtVx7d7WDCXEUEzCqm2"},{"id":"b1b16xtz78lyrigruq34","walletAddress":"ejzho8TjEoVjdLi818KnBisQZjUm2UZp733gXAUJnHHj","type":"buy","amount":7033.274113133272,"price":0.0008956352858337371,"protocol":"Orca","timestamp":"2025-07-09T18:45:33.439Z","signature":"jRFmSyCYeQcYCZgX3u2oDGP782P7RmQ1LXhpsEUyBvgiYTAoyPx3nbz5MEsz2snnyiyqVToTUEc8zBfWzwUjksJB"},{"id":"s429u5d9u9l35w8eqv00er","walletAddress":"SZ1v2JiP1Cqco6VN1tYW3iftBc4YAZa3vPMe3afF4D6v","type":"sell","amount":1287.6597339966443,"price":0.0009377945322785206,"protocol":"Raydium","timestamp":"2025-07-09T18:45:30.431Z","signature":"RArc1KDUz2eVx4SzUwZz3LgrbYay8JYAym9F7c3ayLZehSBgRGMrero53SXcY6ueSxNzpqVi6qaQgjz4MQnycRgS"},{"id":"wdobtfo3yn2i9bt3fadu2","walletAddress":"isdmKN328QHNcsT4y5GF4F6fgwGZVWRSEzWnNf5j61yg","type":"sell","amount":6920.675206251781,"price":0.001064438615892535,"protocol":"Raydium","timestamp":"2025-07-09T18:45:25.442Z","signature":"QADnmeHyGwHXrziePv6EaYRNPnSNxiCpoGepjv3o9UKidFskRKqBMVZcLPFnPT6Px1jxrL1Fca2kSPLqbSKJjsLz"},{"id":"aky3hhk6jc6z2vqy1kkdg","walletAddress":"8RitUymSnNqg78iQ7HkQu2BCo3okccCYmnoV4opEWite","type":"sell","amount":5502.358590028922,"price":0.001005131952736235,"protocol":"Serum","timestamp":"2025-07-09T18:45:18.484Z","signature":"fzcYTXBSsasRiXvKXXq8MHH1iKcgbWwpuBN1fqrwCNZ84U43UReQyMhYGDCzQS1it4toUU3RPzi469ACKvfsWLo1"},{"id":"mhb0rgk01zmjg2aot8eker","walletAddress":"YMBDZuZoqNKq773CmMhBfyddJRXWPrxjtPGYSd8mKd8q","type":"buy","amount":5602.318666418849,"price":0.00024288523561564806,"protocol":"Raydium","timestamp":"2025-07-09T18:45:10.343Z","signature":"od7Z2T8YJF6o15qF58CuLDUjaF9ZWCCatP7BXaNhjyFGawGSqbmc288BSatkPjyDKTCdyKd22zKRYL1Pk6a1bRQs"},{"id":"78mfl0dnhdu2d8yf0ioovo","walletAddress":"Puchm6Ztoz1t6qUv18RBkAhmqCt8xWLE4yT5nVSYwD5F","type":"sell","amount":3228.2832763221168,"price":0.0009491475085667,"protocol":"Serum","timestamp":"2025-07-09T18:45:00.488Z","signature":"i6P9kAazzKsQUGkbnLzMbgLKD3LKu3s6Fjx7yxnLaZBEFBbWUmUwCe5SqpWw3VfPjKaFWG6qf1NAkLBgnXN3Ty2g"},{"id":"64ychlz1shqdbsldrr2wj4","walletAddress":"Pg5kvDCkWfUpUHaoeQRQSHjwE6zBpFuBT55Rfv8W6XDm","type":"sell","amount":9335.232023940343,"price":0.00046512513603936124,"protocol":"Serum","timestamp":"2025-07-09T17:46:26.431Z","signature":"V7omvL64JMPK5Dt3iSsztoQpke2HxHBs6TpQSRjgmz9CiW7rBertyfJ877LCpboSLkwsC1ZjZmeeduicNRi6tg9X"},{"id":"wknbnin6jpnv4lbc5lgiu","walletAddress":"nCBh1xLX2xvZ1517ojHWmTt5L9AAXHPBLXEDeShwvDTT","type":"sell","amount":4940.123667571381,"price":0.0009277845106288416,"protocol":"Serum","timestamp":"2025-07-09T17:46:23.656Z","signature":"jDfZKBeL7fcpRiLiHRZLjzcPajM18AdvFmuGhHicvMjeXm225r9oczqGtf4oGw1S5KtJRMsRrnUQBTryVEtoLykg"},{"id":"wcszt4yaq2d6bzwr3uiyt","walletAddress":"nCBh1xLX2xvZ1517ojHWmTt5L9AAXHPBLXEDeShwvDTT","type":"buy","amount":541.5178045463452,"price":0.00026319605793225203,"protocol":"Orca","timestamp":"2025-07-09T17:46:17.436Z","signature":"A5gcFC7rFhVFnk8MV1x8Qpwz9wSUK4FMyHLJQ4fDV53EvsD5kvJP9gfigen1ha6CpsMYUWH4pB7pqLdB2dUbrvDu"},{"id":"qrge8mhnxvakift14qvql","walletAddress":"Z98CnY3UoEBemKa1pGjY8V5YUvY6n53Kd55CGihEKHJh","type":"buy","amount":9665.645903352355,"price":0.0010896410546032752,"protocol":"Orca","timestamp":"2025-07-09T17:46:10.716Z","signature":"BVYhzBKhPY7wmWoSsi513NC955d16iy4zxnNECx62iuUF18ewfQc7Za8gHrWEDU6SGHH6JXAbxEuo1gxNiKuqgGn"},{"id":"gzoo0op6ff8f561oe7zeqn","walletAddress":"rJiY42ejGFtz6S4xQcTtJMiYUgSHvEFaKpm1bQDPMVcq","type":"buy","amount":6663.236668158476,"price":0.00045081245932005945,"protocol":"Raydium","timestamp":"2025-07-09T17:46:09.554Z","signature":"ubeQiHXBWZEqykYJMXigjn7AXKNoFKRkSKrsm1pCv9HvqqKEDjPkMrXw2EiiJXkVGbYPvHqNpzhPr8CV1TvzzeCH"},{"id":"zz6kta3f7gld5rofb808n","walletAddress":"HoogHB5ogcWY7TH41d82pHXvdZ3ZUBnSrJMHQCzhgjgJ","type":"sell","amount":3691.760851853574,"price":0.0006929734180296294,"protocol":"Raydium","timestamp":"2025-07-09T17:46:00.675Z","signature":"sjkn5CdC1n3eqQfF2fGRx3XrPKDJrXyYTF4HTWPofd4hUxEjRf2QfXLeKJ8hwbqpCstgz8AVoniGHgd9qegBJdEF"},{"id":"p8p4r1jg21bzmqxek9vlg","walletAddress":"pdPBdCxQNCg2CscDWQd8D7Ptt6KDfK6FXaoGfeQhboXY","type":"buy","amount":782.4057101622949,"price":0.000769279869373946,"protocol":"Raydium","timestamp":"2025-07-09T17:45:54.878Z","signature":"kuPo4rGp3taVR6e3XXb89gKSaQBgj9BPDNsdqNW2c4cboFJ4NetRKEvWLbvAMhbLovFEzEWe7Rna9UfNfWCSTs4e"},{"id":"inzi87l8t49m39u3bj52ni","walletAddress":"YZZuAfbBfCc9UqSrokeBGoZ3wH3EMgXhYLXpkRJzr8x2","type":"buy","amount":8550.187659487343,"price":0.0006070265101009771,"protocol":"Raydium","timestamp":"2025-07-09T17:45:47.741Z","signature":"wjKwpw9WhaEnVzsUs92HnNdjrvgkuiF6mrTskyfeNRTkneaopNfffvWccFuLXdWwQdFHLrBp2ZLeerGAEChQjDGc"},{"id":"efcihjjs7k0yd7c4iv0ac","walletAddress":"G6ES2XvT4f51tUj7Jf3xpk3JjLagrhwTb6Xmr7w9DNeM","type":"sell","amount":8258.001362383937,"price":0.000987449525731484,"protocol":"Orca","timestamp":"2025-07-09T17:45:46.681Z","signature":"o4dSrs3VEEVhEXuMbX45KzA33eTm2uW5JtEFFNw8LoMYz1FAssSJPPKNRB8qSqHAjphAR3XgYEQtRhf3qEXUo54U"},{"id":"h1vuz18az5t60hn5tm0u07","walletAddress":"QFSvXTaxXQyvws9xEaXXkbnNxhjdFZB8CB5Z57PPbDKQ","type":"buy","amount":4700.516425336676,"price":0.000595176296112611,"protocol":"Orca","timestamp":"2025-07-09T17:45:37.718Z","signature":"NwyfJw46MjW37XTbbK5fy9whprE8uiTK5MmRBaaJBRn4HZJLHDEov6jk3j61az3DwVi1DXa83TmwXqHqHewUPZuM"},{"id":"nc2f1emnh534uh07r5h9a","walletAddress":"dqpv9TJ8cz59SmhNNGPxiSbfLt6DvhMjud3ytFUAWnnX","type":"buy","amount":1274.466695459464,"price":0.0005551965640159754,"protocol":"Serum","timestamp":"2025-07-09T17:45:28.946Z","signature":"SNs2Ayo4PqYogXopsRvL3prRQv4SCHpSmF4xjtYr3jbbxm1UpU25g59M7wWDafigkkJVns8HbJHJfh9EEQBt26Hk"},{"id":"632yyjlsk380q7nsrvv3vcn","walletAddress":"6ooVQD7Whs7hZw6kcdP7z2Hy6MsYKjfTv99EYz7kcfyy","type":"sell","amount":9605.049248622927,"price":0.00080788004283845,"protocol":"Raydium","timestamp":"2025-07-09T17:45:19.319Z","signature":"ZswvJEYmXiAEFpdWNsDX23wNfrcT9ScnBYK7z1ohinJBRvNVDKHV4F4MweaY8Wf3oxFzSVnCchAYYjyiadW9PAkH"},{"id":"j465q3b6iprhuxr5fwlc","walletAddress":"9Z2cYJoDwdSR22A8xHVVrkCruTFYsbLRnPUZ3WWUXAq5","type":"sell","amount":7998.8726518951635,"price":0.00038220080520416026,"protocol":"Raydium","timestamp":"2025-07-09T17:45:15.877Z","signature":"u1CjWW5LXP8aTkwvLjr8cG7B1bYYEcTf8EfxT86Uktup4A5xa1W7afo55B8sfRhDHKPJTKTFYSVzztjotMSzePM7"},{"id":"k4u5hfj614dmlcbqvgnpf","walletAddress":"wo23vAveD5nkvLtMZ8RwYacEEqiKsw1uCJouEqD6FhUC","type":"sell","amount":2149.9999130662404,"price":0.0008150142090304963,"protocol":"Serum","timestamp":"2025-07-09T17:45:10.580Z","signature":"Drt7b1gSmfxyi8bkFa27K5iLRTsuJEdWYaStsd6bWkimL8EFXXFvdB7FpexQuWcYNd1gLQFghnhFg9RMQZpnXUr8"},{"id":"wt0lvrihotru5jn8y58fve","walletAddress":"iLx7Uczp7jeUqGZkRsGQJQ17kD9n9Dt2aK1MEheb3Gyz","type":"buy","amount":9763.677771904751,"price":0.0007732487096649807,"protocol":"Serum","timestamp":"2025-07-09T17:45:06.113Z","signature":"Q4PsSoVKGMvD5mUPXTsUVsuMuacKY5oZQWmRTUGFeGFPKhvWJ8oNoWjrvCyNz63e3gzY8GyK4Z2aMtrYnk5yGYYP"},{"id":"t0vh97v9zjbqlqy0cwyc3j","walletAddress":"Pg5kvDCkWfUpUHaoeQRQSHjwE6zBpFuBT55Rfv8W6XDm","type":"buy","amount":7315.6080518368635,"price":0.0003336717075467618,"protocol":"Raydium","timestamp":"2025-07-09T17:45:01.747Z","signature":"hTJmSf9EWSLDSdQFZdQKg5LToUouUr3qTdmmFCwGUZNyPBEE7AQ1geK5iejtXZ1PonyvVefLymimJqhJgFtTRg3e"},{"id":"rri88pdv6w6ylke0t78pf","walletAddress":"V7gC5hxaphjQV6UyhaPbTJXumG1Bh6kwzmTQ4LyhHrgb","type":"sell","amount":6715.828237741493,"price":0.0002195909441405063,"protocol":"Jupiter","timestamp":"2025-07-09T17:44:58.248Z","signature":"4JKhkEiD8N8b14or1Wn5EZuAnVGNdAxVSV2Tz3ZEZt3SRSsnHP34XbU3gMgum9RVXuFUkhBh9QymRY85YCm3mCHH"},{"id":"nko28j182sdj6jaj05xi8","walletAddress":"YVpDVWBjoKgju8rnHuvTBxmmWcJKVHd78p62RJWfQQNk","type":"buy","amount":7878.927181154037,"price":0.0008088351981945472,"protocol":"Jupiter","timestamp":"2025-07-09T17:44:51.742Z","signature":"waH1H99kiqhYAuDkFbJjZs92yZ8KXdRSvG3qoeJLwELELQvgxv2JprKQSC1hRWtF5dAErkzGueYpUecqUWxunLvc"},{"id":"gib5lzvypzt2yajp4mn7av","walletAddress":"V7gC5hxaphjQV6UyhaPbTJXumG1Bh6kwzmTQ4LyhHrgb","type":"buy","amount":9763.351878340725,"price":0.0009879185429672033,"protocol":"Serum","timestamp":"2025-07-09T17:44:42.401Z","signature":"SoASiqFqmRqXVAdDXHBGHcFcR4NkVK7wP1AeyPJSVPh6iAM1jmpzzzUfRRo1Atkw2hQy7gZeWUk2opJuVkywjaD1"},{"id":"tcbq5xxqon3bhgl8qqo14","walletAddress":"wo23vAveD5nkvLtMZ8RwYacEEqiKsw1uCJouEqD6FhUC","type":"buy","amount":9619.762914384246,"price":0.0010940843430304564,"protocol":"Raydium","timestamp":"2025-07-09T17:44:34.623Z","signature":"hoJ8cjSofkpW84wjCxpHa74wYP48rn3hUJL6TyHmEQKm9iZfGEVzhQXnjBrzpXu6T23bdSm6t6Z3XXdUrwucUd4u"},{"id":"4auin72iyt7foyiczwmg5","walletAddress":"tvSt67L1oSx9kZaMmX2ZMnndnke7TGs9LC2bhScWni8g","type":"sell","amount":1975.663674565151,"price":0.0008440453606864462,"protocol":"Orca","timestamp":"2025-07-09T17:44:29.865Z","signature":"x1tbtbPnaHHYvU3738JCKiA9KKJmvHhfTbNAWVQVrYcgh3HHqGHv9ZT3Rtva3CmHC1m4Ede78Bhvg8qZ1WUxe8eQ"},{"id":"lichhdsjtnjzjyhldqxc5s","walletAddress":"9ACG1yqAwxp5HFjLrmqTuDcPq7k9QKLZ2GU8aZXmJqvn","type":"sell","amount":8321.004665304128,"price":0.0006418319986677158,"protocol":"Serum","timestamp":"2025-07-09T17:44:21.799Z","signature":"E5E1ZgerBq8Z7ptgB4F7Edigf2rFzpQAenoEtsGWWgUjCTgPRLxihXGiPYc6o43sSaqiJU7HptcRSxrGXD2S6Cnp"},{"id":"g2cu3j7z0dhw9z5g3v8aji","walletAddress":"V7gC5hxaphjQV6UyhaPbTJXumG1Bh6kwzmTQ4LyhHrgb","type":"buy","amount":1535.417992777661,"price":0.0004908871275582518,"protocol":"Raydium","timestamp":"2025-07-09T17:44:17.855Z","signature":"gYzsUgrthKe6fVzKVUpYbs6KJhe36PgDSimVCa2YTmsGg7TKoxGLVShepRJYmazHPyjVGkvS1drtjFNtTvKZVJ6N"},{"id":"a10ydzzjd8tvkgp5qqpqgn","walletAddress":"bwwvdF9N9HmbWhPndAic9FXGNjZTr2MPcwYs9FSn6AWp","type":"sell","amount":6293.436143545352,"price":0.0009929127860543933,"protocol":"Jupiter","timestamp":"2025-07-09T17:44:13.890Z","signature":"WoemFhpQapcLq3V9FKjVzmmEGuadKsLjvkLGyrtj1qUXhqr7Cn1Zwxxc18hFqnvbxpEo2K9ZaHvJzwPvzwcMgXZW"},{"id":"g3bk4scmqtlr4ivp968wok","walletAddress":"zgYefwFLXHLmym3NHf6tuf53SiXHoNcHdnmpTKzjPHzR","type":"buy","amount":9471.024396259909,"price":0.0006168896567082152,"protocol":"Orca","timestamp":"2025-07-09T17:44:09.031Z","signature":"DvEksSEXHJsw1nTCsmQPeEhGRP7cFQaovHCeKF18k4fP62BLdUg1ZhPT5dh2EiSw2H7bKfCzwifbNH2ATVJWpn8e"},{"id":"grqz1ggxofla6qfcjezxbq","walletAddress":"bq65v8hExVxc8mUbtLgsZRPc3ifyiCe4Mho9QkgjteX1","type":"buy","amount":4988.192200747514,"price":0.000187236945829823,"protocol":"Orca","timestamp":"2025-07-09T17:44:01.196Z","signature":"vjJv7o3JcQSG8JZzrt4iCsSpB8sofjRZ5sM714yPEQ24TbkqzxwKcdc1qy61aBALGXhtbDNobjmbZ9UNQYCBzUdL"},{"id":"2n4flm2qtasedrn33h4g6d","walletAddress":"wo23vAveD5nkvLtMZ8RwYacEEqiKsw1uCJouEqD6FhUC","type":"sell","amount":4376.324335364799,"price":0.0009810610720789618,"protocol":"Serum","timestamp":"2025-07-09T17:43:57.133Z","signature":"DNnsZMqagSUd5pD4MJNY2dnkKzqBVGGzWupMcPunpHRYD1y8Zxf6TKtUeWB3XQxNzoFmt42fURjMPTHJksHX7iKt"},{"id":"lmnxu5f3bn8uttwq7vwxq","walletAddress":"4N7monZHSCMMsUWqtroMEDg4dPNzZBvL8oDpugjDcBM7","type":"sell","amount":6964.363786295145,"price":0.0008259043605232003,"protocol":"Serum","timestamp":"2025-07-09T17:43:54.271Z","signature":"KvPcT5jaCxFeDBHDQtdShNkwLctn9e3YypcQT4pgLY6c4SPHqPfASiPzrNYPt5FTbKZJ7JTZMU4wpVpUzTgpJiB3"},{"id":"946g8crjut7s9v4mo8jpg","walletAddress":"mCyzEBsz5FH8U9iQ1To3rX2vDahDMPHAZrdTxKyDhLw1","type":"buy","amount":1786.3269650739076,"price":0.0008780160060575573,"protocol":"Orca","timestamp":"2025-07-09T17:43:44.804Z","signature":"2PCJcb2r7XeyZuKGZJxmPC1Xked1CHeMRSB3eVQeZmCJkVdaSSx4BYZLW7DU58Ro3eXGBS8H1HiVHtynuhWhkjMX"},{"id":"tei3c590ygncpieg6s8a","walletAddress":"wo23vAveD5nkvLtMZ8RwYacEEqiKsw1uCJouEqD6FhUC","type":"sell","amount":7655.729331209047,"price":0.000720986516747836,"protocol":"Serum","timestamp":"2025-07-09T17:43:40.985Z","signature":"yiMytaFeSqrERRdnRn3oi8FpJ8joFPyJg2Lf6pzfocR7PWmQ7GJ7GNmVMtr6cMLZgX1T5eig8s6oNqC9E8JuyzFj"},{"id":"b57lu09pjdvjp4ph6powhc","walletAddress":"zgYefwFLXHLmym3NHf6tuf53SiXHoNcHdnmpTKzjPHzR","type":"buy","amount":2174.6262981642394,"price":0.00031003826537651737,"protocol":"Raydium","timestamp":"2025-07-09T17:43:31.868Z","signature":"7j4x57B8KUnd9u73RMJrc9eGsT8momeJp6QZsoP2PT2Hv1xYMSsZQRNNmydfd95KLgqcZ4H9ZdDcgscGGtpfPv6U"},{"id":"9mojiu1c51iw1f1yxwo8z","walletAddress":"HwgWV5qxh5VbQHkLbcYkS8T3d5Bvb3WjLLmMYEH19g8w","type":"buy","amount":3246.9604393941086,"price":0.00022520546087504816,"protocol":"Jupiter","timestamp":"2025-07-09T17:43:27.696Z","signature":"j22gGjWi4Mxe5cRZQzqiq67D28aUjBHMo9gRXMYNLkZH122e5dcf5iRjGmhFmpbog55jHUQPr3ku5VvJoyCV1bvx"},{"id":"6httybf3zfp7h0xlgnhmpq","walletAddress":"9Z2cYJoDwdSR22A8xHVVrkCruTFYsbLRnPUZ3WWUXAq5","type":"buy","amount":2088.489123766224,"price":0.0004302672812388692,"protocol":"Orca","timestamp":"2025-07-09T17:43:24.116Z","signature":"m5y6W69oTSLfqSk13UJATLJwcEF56wooKQ8ya2iVNwS57THA6RTJSbQWL4Wjjnakz1Qtp6d63s4RAeq5p1wB8vB1"},{"id":"en7o5svluhirzzx0hqcecj","walletAddress":"fCP2jrUFxHWM33mr8kL8Tkft8GGoW3Tk6KGcV3rBExaF","type":"sell","amount":485.487671452811,"price":0.00014252159782952614,"protocol":"Jupiter","timestamp":"2025-07-09T17:43:15.250Z","signature":"4g2WZrsGn8sYXCSeuG3KERkg29GTaWEaTWnxtTNnVcNL5bgf8N2t9FJf4G2D689wSq9N4SRcZv39ZGKUW8KAbRYP"},{"id":"fl77egt4p0jq2smqqfpqwi","walletAddress":"tvSt67L1oSx9kZaMmX2ZMnndnke7TGs9LC2bhScWni8g","type":"sell","amount":2956.5500567081626,"price":0.0009192662989170758,"protocol":"Orca","timestamp":"2025-07-09T17:43:11.202Z","signature":"92gqW34681tFzecFTKiRf1PzkoYmeJP4Pr5zPXBXAhDbMK1ZtgnQGZdHNRsieygNXiy5QR5e1vNSKgovtN3V7h7o"},{"id":"rx6m74d4b7qyhny8oa3z2g","walletAddress":"9t7uXcVzoq54897FJGd1LKsjVqZNm2rSi6aXHrfUfTTu","type":"sell","amount":1798.2324328227771,"price":0.000488521728915344,"protocol":"Jupiter","timestamp":"2025-07-09T17:43:03.894Z","signature":"QAb8rhZnZZKL2KQEboFkZibAYV9HKzuLhdKQsLazAbwoHt2zCdkSqrhRK3NQva7vxQ4r89kfo4354eczgsykK14s"},{"id":"cl44ul109wirfs1msp7oea","walletAddress":"4N7monZHSCMMsUWqtroMEDg4dPNzZBvL8oDpugjDcBM7","type":"buy","amount":2839.7628787020058,"price":0.0008479100501631964,"protocol":"Serum","timestamp":"2025-07-09T17:42:59.417Z","signature":"jvWWViQZ19RQo2J8PeezJZcdyDXa3AqkiDcooQDBThvyDUn3cpJoWmShBKM7Tz3PWNjs5cW91ehz9zW6kH5tse3y"},{"id":"a5jijp34hv7sxrs8tbry9","walletAddress":"Yd1u2Dog3qB4duLeuh6GGbrAmaTi7xKnLQHgQs5tuX1T","type":"sell","amount":3803.515867098819,"price":0.0005413762246664525,"protocol":"Serum","timestamp":"2025-07-09T17:42:55.692Z","signature":"Ffos7LSVsTKRamqxHy2SW2eNB6Svn3kFHB2CDxAWYJq52MGTWELF3zMLbpzBJsDix6nkBwnzerS8sZ6Q7H2rbzHf"},{"id":"xrgt17y95mgt1yv7hmh5","walletAddress":"bwwvdF9N9HmbWhPndAic9FXGNjZTr2MPcwYs9FSn6AWp","type":"buy","amount":4396.853383074784,"price":0.00027815298520200916,"protocol":"Orca","timestamp":"2025-07-09T17:42:47.499Z","signature":"cG1n4ayipaEW8De3EVDDMtDsmvwJq8m8wzRiEia6MyHjCWmJ479AvBXuUaLeoYwMKzTvBCe1BjGzbkUemZqwMkTm"},{"id":"txmbrrqs6p8xp85adi8jrb","walletAddress":"4ZsDYvuysbYfS7XWMWjWJ9prhZdkUFesJnw6A63iBnxb","type":"buy","amount":1054.8069097070045,"price":0.0009996594272540234,"protocol":"Jupiter","timestamp":"2025-07-09T17:42:40.188Z","signature":"Lq5PCZEo8L96YVUfE6xkLFoRJJ4haaDu3UUksukgLhEspFvfwzAmdZSeBU1yNUPpwLo5mh6FNQJshrYMxYvfSU5f"},{"id":"l98nai67wj0h9qhzno4f9","walletAddress":"bUZqKv2bbhFUbCfoSn1tBtiT6yXa4APAXBX5kssRzMKX","type":"buy","amount":7006.511492700036,"price":0.0010451803952165925,"protocol":"Orca","timestamp":"2025-07-09T17:42:35.916Z","signature":"r1uY2QxyKoLckhSktjzCbpP7GoJVVzbw9jBGCUY1qzRPR4GpAwpGCokGt685aqd6VqNKYNwtAuGBwD6XvQEnNdSY"},{"id":"wdqr7oyb1j7n1qtbxv2u4j","walletAddress":"6UHbVUicoapTxRMJzPCQu4moN936GNVBV5PwehY3PZ36","type":"buy","amount":4923.455221718551,"price":0.0004832261347082655,"protocol":"Raydium","timestamp":"2025-07-09T17:42:27.511Z","signature":"wjxDTujE3RDyDccfYEqx6pA1Atqs6hkM4rgQpZEBvDe5PuBKQGXkxrPgouG1VUAZVaqu9M9ZaDvzrTDvpvi3qsvy"},{"id":"jrxfh18029nfntlli5q1w","walletAddress":"HoogHB5ogcWY7TH41d82pHXvdZ3ZUBnSrJMHQCzhgjgJ","type":"buy","amount":2795.2692698747474,"price":0.00034656629038482315,"protocol":"Serum","timestamp":"2025-07-09T17:42:25.515Z","signature":"DsAHm5uHoqy2HNC7EcwX3k2PddeJ2PjLQojnx2R9hw4PWqmtBmn4NoYvTStLuRBv1aote6QgA3ZiQKXqM3yY9B35"},{"id":"rsbt1grfz1dpsnvbyq6ba","walletAddress":"wo23vAveD5nkvLtMZ8RwYacEEqiKsw1uCJouEqD6FhUC","type":"sell","amount":9991.530570508334,"price":0.0003942560586901446,"protocol":"Orca","timestamp":"2025-07-09T17:42:16.990Z","signature":"8dHBhTU8hWj14uzTX4W2HSNQSSn6WAPc88QdkQBXKUaCe3RXGdnHP5RQVMZs44DSFmu4rsLo3Kwpoq8vKgwi9b2d"},{"id":"pqubvvhyry9tgnm7iw2x","walletAddress":"k1MuypjWMbd7GPitzURviZxtMi19cg1ptNJ3qGbifUNZ","type":"sell","amount":9886.70057006745,"price":0.0009405480609693237,"protocol":"Serum","timestamp":"2025-07-09T17:42:07.144Z","signature":"sDjBLCNkWEU7UQQmcC3MiiQSNgaGchwyRBUvbkuvCe19jY4NTQ3PfzUAbM2SkQudkhspz8hgzktzTTsVxHRNB2YE"},{"id":"gca9vo1frgta7jkug6vfrj","walletAddress":"UTq6peYH1paWJAZSEPY2eV6wjsJRP21bJWSkxpuPNYx8","type":"sell","amount":930.3206629364323,"price":0.00013630713635307692,"protocol":"Raydium","timestamp":"2025-07-09T17:42:02.149Z","signature":"fX4qX6dFRHaPFaHQoCLsRSrsRUegnMiLxqXeh5cbPwDJLtL4NFMDvGp2GERicwJCrRwCT2yVAs4g83KM5JQ4kDsr"},{"id":"15db4l7kvw9949dbw7dvuo","walletAddress":"9Z2cYJoDwdSR22A8xHVVrkCruTFYsbLRnPUZ3WWUXAq5","type":"buy","amount":9819.949070866807,"price":0.0009182175854676108,"protocol":"Serum","timestamp":"2025-07-09T17:41:54.136Z","signature":"5HnxtGgRLRGUEEkz84WtKBZNe72UPRcEqhhNQdzD7iRC6dLHL5yCbVdT9PBCptXJ6KSHQVrGZ2ciaWY1UcdT48YZ"},{"id":"e7hmwlbaets2rtj2xgscxa","walletAddress":"fCP2jrUFxHWM33mr8kL8Tkft8GGoW3Tk6KGcV3rBExaF","type":"sell","amount":1886.7451896870002,"price":0.0004838617121244672,"protocol":"Orca","timestamp":"2025-07-09T17:41:45.979Z","signature":"KBodGxMDhWkJBGkWnqUc7DAads15UV11m9w2HXS6eKZFsiCo8uyZ3R6vQrTE4tJWkGwt7k4UrsoGJAzv4WqvoDqg"},{"id":"bk6fu053sgm1zxp6u70jn1","walletAddress":"QFSvXTaxXQyvws9xEaXXkbnNxhjdFZB8CB5Z57PPbDKQ","type":"buy","amount":3682.550197199994,"price":0.0008929547328765676,"protocol":"Serum","timestamp":"2025-07-09T17:41:38.860Z","signature":"QVDbd1U2TsurLQGRhRpmebcfuMnLqY3KJk6EDSyqL4y1s6nEhKKtoqv2Lk7SkcK2VfXoCxYC6BZ15F9yepMgjwT6"},{"id":"oitu1jsvdbpp9sq3fqgwfg","walletAddress":"5NVKKSYSjBkP5iyZG6ToKLKWmRgvGBu8hantccL9KDVK","type":"buy","amount":999.9670433302142,"price":0.0009104142312731891,"protocol":"Jupiter","timestamp":"2025-07-09T17:41:33.985Z","signature":"eP5g3AefumFBZt1y75z54WQpk7FsaeReA6MyRgr3c9eyv4JuXvq8qDJFprRRDdEJYB5sBQdnU34P76H17zQ9h3LS"},{"id":"oyoyfgo52xskyhjem82","walletAddress":"Yd1u2Dog3qB4duLeuh6GGbrAmaTi7xKnLQHgQs5tuX1T","type":"buy","amount":6204.943010425374,"price":0.0006131995628312611,"protocol":"Jupiter","timestamp":"2025-07-09T17:41:32.602Z","signature":"kb2DqixRbERtp71wgg5B3qnc4fSmG1ETmfra11PKvEWGndYHUVzR76uSL2qxmkL9EdcVxp1Du6A9iGWmTXNaGsZS"},{"id":"lh2c5cchdyxgn7rnilq5","walletAddress":"HwgWV5qxh5VbQHkLbcYkS8T3d5Bvb3WjLLmMYEH19g8w","type":"sell","amount":8730.58999521118,"price":0.0002364353770950846,"protocol":"Raydium","timestamp":"2025-07-09T17:41:26.013Z","signature":"De6LMUrbEeLStmZFQiZk2C12mo22CzkjvbqnzW1vF97tbVVeT9RSoBCRaAP6FuLWbpuwrjVAdXhdyWe9XAccepAv"},{"id":"focawzvn0swzexctkm07n","walletAddress":"CA2utvJrbziXx6d7trLarccUbp1JwTCB2bFYX2ipB15u","type":"sell","amount":9694.604659689852,"price":0.0008807206149351243,"protocol":"Orca","timestamp":"2025-07-09T17:41:16.550Z","signature":"NdBJrCnGUrdC9c2DuxdZU1zvckV411iMiTU8i6o3zDUxCezxZ7hdGPPnrrXNBHXEGmYMoB3ngNgcm18iouscKL8w"},{"id":"ccq7n5ydd6h48n5ok5uoga","walletAddress":"bUZqKv2bbhFUbCfoSn1tBtiT6yXa4APAXBX5kssRzMKX","type":"buy","amount":4328.268106334629,"price":0.00024316124982696075,"protocol":"Raydium","timestamp":"2025-07-09T17:41:07.620Z","signature":"zmwYogUiztrm5Y7gG5Vf2ERjbQj2Yx2xcB86WWYSF1hYfKY8x2Fzg6zvbk5FZwSKtvDbmBhs7auCwK7aXw5cD1fh"},{"id":"5g6wstfrnvhwo8zqxv3upn","walletAddress":"pdPBdCxQNCg2CscDWQd8D7Ptt6KDfK6FXaoGfeQhboXY","type":"buy","amount":7759.319291685032,"price":0.00042501666147655063,"protocol":"Raydium","timestamp":"2025-07-09T17:41:02.034Z","signature":"mvDj5D9zN9p9bq6PwjpGRT5aT7V2n9dLHQ2iSsuZvmGzdVPB2zai1LzoviZHp14LsG9Dk41xaF7ucCTVAkq6YUtD"},{"id":"wyurlvzvprxs9ciwv20ci","walletAddress":"gT5PPobft9AERNDpsqKXswz3dUqbrPZ6QR5Q2m765mbF","type":"buy","amount":4020.9703974352283,"price":0.000998477701064691,"protocol":"Raydium","timestamp":"2025-07-09T17:40:58.870Z","signature":"zXg6es6rVF18b7DoD2pdkms36Too5iAoei9r8e2nQ4TuJBLaNrNs5eQBbP9ohmu2f5y57ydpJMj9R3rzmJk5nKNA"},{"id":"7clbvnh7cq4i6kpm7v5eq","walletAddress":"pdPBdCxQNCg2CscDWQd8D7Ptt6KDfK6FXaoGfeQhboXY","type":"buy","amount":7520.106967744026,"price":0.0007036405556940255,"protocol":"Jupiter","timestamp":"2025-07-09T17:40:53.863Z","signature":"d7xNaAo9e69h4ZZkgLMxzQq8ozbh5F623KejdKYT2TAUTJX6FHc6YypWJuhZF4yfqSThVcxpYygRjbu1XoRoQ7oJ"},{"id":"ekk9pt9cfp9wk714ow6q99","walletAddress":"NC5iSgCeRHKKDuupV1oBZWAgaNHmpRryjcmmBAaoKe2s","type":"buy","amount":7182.766466105688,"price":0.0007351517382469596,"protocol":"Orca","timestamp":"2025-07-09T17:40:46.579Z","signature":"ipgvK3ifk5vyScWzxkF1eyGynQvH5NKLk2kKuDgGEtsomknr2NHBxHUeHYtU3Stzpv2aKyevY81AFDf43CVQUBdE"},{"id":"ytcv9lan6kjvq5yysjzl","walletAddress":"UTq6peYH1paWJAZSEPY2eV6wjsJRP21bJWSkxpuPNYx8","type":"buy","amount":5915.2796288113495,"price":0.0005442684985929926,"protocol":"Jupiter","timestamp":"2025-07-09T17:40:36.606Z","signature":"ofvchJUc9q9VJRmCtzdYnZ5L4L3FdKwRkBQv8Nta5s6HhSre269CYsuRTMo4TVDRzpBvz13Mnmz9HrFevE1ugCUJ"},{"id":"isuzspvs5jpy6ss3i4xxme","walletAddress":"dsPhukz4Sec4tBvYkKUjtWi9gQJwf9NvU9ZjefWyEEue","type":"sell","amount":8059.3095396816025,"price":0.0009591392111746078,"protocol":"Orca","timestamp":"2025-07-09T17:40:29.713Z","signature":"XKiEnB9EYGYWtuy8TVVsggc7o8iN6xYYinAUcuVas21EPSZnVY1nuAAS1S6Hi2qrjTf9Szw1qZKa8ynDiXbX3pPq"},{"id":"f17zossf8fo2rstku1a8gf","walletAddress":"ETWLe7SET3kEftxs8C7NhNcFXXGutmFgVTMAvmEJmU9A","type":"sell","amount":4798.688574591601,"price":0.0006150274947249559,"protocol":"Orca","timestamp":"2025-07-09T17:40:24.583Z","signature":"nA4TCBDRNw7fZrXPZuPz7vQCk9gH6pYvjh6jcNMAsk3ZiGogfTrWETDiesryPKrKjp9QZkp6Pyc7Gh2HMFApK7A9"},{"id":"hfltpz0lpcmkmttdjcxif","walletAddress":"6UHbVUicoapTxRMJzPCQu4moN936GNVBV5PwehY3PZ36","type":"sell","amount":2525.29274028547,"price":0.00024544594664330515,"protocol":"Jupiter","timestamp":"2025-07-09T17:40:23.369Z","signature":"Z7KAcKXro1sbYpNhzJzMrYuYXUzXjuvYJVgKBa8CEJBAjCBh7CMw1XWFR1zbeZucDGzGkV4wKSuZNcS5sqKLdH5s"},{"id":"ewvoe66jxx41mdwq6y9a8","walletAddress":"PYqJACCV5KgUh5EQG7XMD6qCer6mmiNaxQfNiJheWQ2N","type":"sell","amount":8880.015803749317,"price":0.00028784510170235217,"protocol":"Jupiter","timestamp":"2025-07-09T17:40:20.325Z","signature":"g4UqaPiv3RRpLNGMpmGCKwgv5NETHKsyFn3mvYV1tGEo1wRgspAki4Z4SiDaZXTRiDwRLKNbFFqpwybTFHrT4NM5"},{"id":"afditpc4iarj98aljghwz","walletAddress":"6ooVQD7Whs7hZw6kcdP7z2Hy6MsYKjfTv99EYz7kcfyy","type":"buy","amount":6603.903834750778,"price":0.0009091065320388354,"protocol":"Serum","timestamp":"2025-07-09T17:40:16.727Z","signature":"PAPXGCgxzGdiBzHwAuE2qNbdXLgEM5Aq1TgDCxii71zfEyeNGdqWMUQaJ89HY1HPmeJwVz9PJGPukBFCG5Adf61N"},{"id":"xrrxxo2v077nlzfi3qeq6","walletAddress":"mCyzEBsz5FH8U9iQ1To3rX2vDahDMPHAZrdTxKyDhLw1","type":"sell","amount":3096.9277817355987,"price":0.0007575327589122693,"protocol":"Orca","timestamp":"2025-07-09T17:40:09.746Z","signature":"1pMWwvshEPF3BhT9W9daqHaaUxsrJqDNYm7jzEchN7qmF1kiPPch8KqJupotE68zxJJgeiM2vEPSSD9rMMwJhGHQ"},{"id":"g458dzhaisrkmlywcbryi","walletAddress":"9ACG1yqAwxp5HFjLrmqTuDcPq7k9QKLZ2GU8aZXmJqvn","type":"sell","amount":2553.631370845231,"price":0.0006125077464105173,"protocol":"Jupiter","timestamp":"2025-07-09T17:40:07.945Z","signature":"z8sDMdZxbUfayu7AswXQVvnxntn1ToftAPAAt6mGSc5oun9hJi1cYJKE9sKrxX2jK87hbH7ZABe2aayTdSk4nw34"},{"id":"26ihnvtlexeomqhddjnxx","walletAddress":"uzWXQcKiNwETer8NKWgen1K4KzRbjKE9BH6Fc29diSDK","type":"buy","amount":9504.090442614344,"price":0.0001200544939477425,"protocol":"Raydium","timestamp":"2025-07-09T17:39:58.890Z","signature":"uxJ3SadJYnRMqadaabnKez8jaN86PgxDYbHpoBe3nxHqSXvLmPGz6mCGSd8uuDHaX2FRjM194rv74z7wEZPNPYyS"},{"id":"5sax8e1z4h7a9x38ztvc7k","walletAddress":"4N7monZHSCMMsUWqtroMEDg4dPNzZBvL8oDpugjDcBM7","type":"sell","amount":239.13203189062085,"price":0.00017370332984088533,"protocol":"Jupiter","timestamp":"2025-07-09T17:39:52.017Z","signature":"F2SZkdhqyNHWDKw6MwBzRzqTkTVB6oAAdkMuTRCvNTyDuA6CzSFYRV1UQkqjuooAUA7Jb16Bk7WjwEqvRx3sfhAz"},{"id":"iswtf2d3bffpicvv192wq","walletAddress":"njZmj3XuWCYyLvZFVYibLpZgsE4T1tSuLqPLH2k1HnzE","type":"buy","amount":5015.179756618255,"price":0.0010359033646764007,"protocol":"Orca","timestamp":"2025-07-09T17:39:44.105Z","signature":"eRkAnP25UBdGAY86g3QphMKwvQ2GZWJY2YHEEuU5raKTvM69chGJxr7CW5nM46ka3Bs2NHQQfwRLxw53faxnwWSL"},{"id":"q04hpts07aat7p7w9xvamj","walletAddress":"bUZqKv2bbhFUbCfoSn1tBtiT6yXa4APAXBX5kssRzMKX","type":"buy","amount":8278.318639378744,"price":0.00099454327976652,"protocol":"Jupiter","timestamp":"2025-07-09T17:39:39.270Z","signature":"GZZzQf1rqRcN8TyHB9fkrD3orCLsxBWSLsSfURJaKMeGqqp3cWm7eABViCJCQWnzSpdMBypmtpriamC6wq3BD4UH"},{"id":"07boiy0ud0bxt2bj6i7spg","walletAddress":"mQnpke6ftA7iHoQAk9pWqbFyFrEnfqUWDpTXh5Hd5kRv","type":"sell","amount":6075.2130645325915,"price":0.00013372191079892462,"protocol":"Raydium","timestamp":"2025-07-09T17:39:33.270Z","signature":"mu7JYki2UCpz3Z9Hez9nGhNaA4HBuMf7NCtH4ek3u34BLyS8YXPyWe317ELi4ZYw7BMSjx52CocfAdMSxqX3B6x9"},{"id":"bwaguydvq8n6tx283gdw","walletAddress":"cyPV2mYYoECPdnJecwyWVxpPS2xKz5TeNQy18mH8g1no","type":"sell","amount":2582.2917716597303,"price":0.0006875186356762222,"protocol":"Serum","timestamp":"2025-07-09T17:39:28.086Z","signature":"Gv8eGFf3npn3fHA7GdgEefxRJs69JbSckJ3AwEbnpYyRDvVAm29nxZMGCqKW7q1SzzzY2wYEwcRHnKPgAc8oy3fb"},{"id":"tmr2ke87l9s8afjv5k4ia","walletAddress":"gT5PPobft9AERNDpsqKXswz3dUqbrPZ6QR5Q2m765mbF","type":"sell","amount":5007.43008630216,"price":0.0009930907097069196,"protocol":"Serum","timestamp":"2025-07-09T17:39:25.824Z","signature":"SZDMEo8aaf2aGpabf5MLBM1DvywG4vjrQkEt3W1Xgs8MsgmykMuDWc8uHdgSuhzsu4pGszAL92mzW8r2DvVFecAY"},{"id":"ykme7wh65ncr1tu5w0vb8","walletAddress":"UdMfUSLWtNybYcWdYpWN4VWKL247KfyTchGGA1vKxr1h","type":"sell","amount":2559.9966100106462,"price":0.00011907758777817503,"protocol":"Orca","timestamp":"2025-07-09T17:39:24.055Z","signature":"hFCKrj8DkktLNqpUYfXtka5EPAu7Ct2PLUX3iH6afwCTYW2iYhxU9TmEUV9K41DX413man5ut6fdRRg3omhFqXsj"},{"id":"mu1sapi4wzwbjar9i5iu9","walletAddress":"gT5PPobft9AERNDpsqKXswz3dUqbrPZ6QR5Q2m765mbF","type":"buy","amount":659.3969480580574,"price":0.0008745724236467796,"protocol":"Orca","timestamp":"2025-07-09T17:39:20.572Z","signature":"qZafusqStHLWERjdfu9JmjxNiXbZkakymMEZL8BSgiBt55gAfmgNN2UCSzFF9xoXYAuEbriMEm9yMmuKHQWrwMjK"},{"id":"eacr0d69254hdov9d48rj","walletAddress":"8Wkf5cgirq5nwk9zHUvGCYrqYCMoNQEGyQnEu1XsDEMK","type":"sell","amount":7305.0849944770625,"price":0.0004790353536167708,"protocol":"Serum","timestamp":"2025-07-09T17:39:13.490Z","signature":"pMSsBGuaVJxyaVS2csDFUffPZ2amUVNaaLxiC1QXXH6SDmVyZLc9RPL8vYr6sTSYdQEL67HSfrFvJRHe9FxNca3Y"},{"id":"ion5gugi4b8c3z4pu8j9zu","walletAddress":"6UHbVUicoapTxRMJzPCQu4moN936GNVBV5PwehY3PZ36","type":"buy","amount":9693.341684124945,"price":0.00038287163362640586,"protocol":"Serum","timestamp":"2025-07-09T17:39:06.702Z","signature":"wuQiPtNkVvF8Vd4SmQMen3M8YXc58B2GhZcYgazZhkg2jpbqbp5TbKYt7Btz2sY1Sngsb9RWTrySUo6BcEGxPkBE"},{"id":"i2bqdvvpsergk8kgbywt4u","walletAddress":"UTq6peYH1paWJAZSEPY2eV6wjsJRP21bJWSkxpuPNYx8","type":"buy","amount":9599.053026262583,"price":0.0004371121018383967,"protocol":"Raydium","timestamp":"2025-07-09T17:38:57.810Z","signature":"gZQCaNvZiwSQH6Sr5wQiYU7urU4ZcDXQ5fkyHAsWijUVDNKjFgrMVUWPzVD2jFDjLc1aXGSHrodnaEF2dn3hV86X"},{"id":"ol24eq4w32a97jrd5ftkf","walletAddress":"bq65v8hExVxc8mUbtLgsZRPc3ifyiCe4Mho9QkgjteX1","type":"buy","amount":6956.612399876314,"price":0.000432679899770181,"protocol":"Raydium","timestamp":"2025-07-09T17:38:53.368Z","signature":"3eHZBx5cXzkEMhupPmmEfGuNEGnvsE7Wq3VPnnTN1swdDXVYEBwr36oFLm123Nb1HoskKxoxESuc6eGVTdq3YfJC"},{"id":"gpty5qeey6myh4q2qu58c","walletAddress":"gT5PPobft9AERNDpsqKXswz3dUqbrPZ6QR5Q2m765mbF","type":"sell","amount":9320.409428369714,"price":0.00011316839812859506,"protocol":"Orca","timestamp":"2025-07-09T17:38:49.828Z","signature":"L5znJcUbGEVvdCJtXMZqcZdP9zJ7tWPccEDWJjT3SuG2SrBbmmf2xAERWRKzB6LD85KkHrPiZHSnsdY8qhtV2bdi"},{"id":"tisn04svamqzmd627pyx","walletAddress":"HWmf4ifKCWkWN1JjnQw4WL3VJbZa1wRy8DVdbgHiLr5R","type":"sell","amount":2920.1326686698235,"price":0.00041277624356793265,"protocol":"Raydium","timestamp":"2025-07-09T17:38:40.735Z","signature":"eeLWCfqZFUZKWxvV9vCztWSez17GSP9WAJ2w8Vgk9teoZCqisNnPBNXpftLfvQcyW6DFM9VSKzpfATtEnY2NCL7p"},{"id":"a00zoq9gnjvvbb1uds7qki","walletAddress":"tvSt67L1oSx9kZaMmX2ZMnndnke7TGs9LC2bhScWni8g","type":"buy","amount":3140.725170794223,"price":0.0004333248696362239,"protocol":"Orca","timestamp":"2025-07-09T17:38:31.215Z","signature":"5e2k2hqaHibctx3FPhF3NHeJ16VxZxxtkxS2xqAhu5yfYtwtsDs4EaDPQtL5vRFEc5oTbdCCU88zP54CGDkvVV9T"},{"id":"gfudnuq54qva50dds67186","walletAddress":"4ZsDYvuysbYfS7XWMWjWJ9prhZdkUFesJnw6A63iBnxb","type":"sell","amount":7444.994567520229,"price":0.00025730674196534865,"protocol":"Orca","timestamp":"2025-07-09T17:38:23.636Z","signature":"584SeHw5B8m5TMnoM5f5uUXiJX2NShqkBqNmQVtctqxj61N6zBW5SL5JHUHLWkaZF5HeCo9mGGbtqJPNEXoysV23"},{"id":"h9uw900d7dfu0w55qdm77o","walletAddress":"PYqJACCV5KgUh5EQG7XMD6qCer6mmiNaxQfNiJheWQ2N","type":"sell","amount":8472.58499963206,"price":0.0006828958786344408,"protocol":"Orca","timestamp":"2025-07-09T17:38:21.925Z","signature":"9LCuFRmZaed2zLJkkwGCzfgCY8tEDYypn1XmwDJMFCVSBwyo3DC4o4Qdx696nfjhy5raZYbp6XAARV6UihgSUwn1"},{"id":"4h4tbacz3vd152wkh9o3rt","walletAddress":"G6ES2XvT4f51tUj7Jf3xpk3JjLagrhwTb6Xmr7w9DNeM","type":"buy","amount":808.9885499236748,"price":0.0007176150382619057,"protocol":"Raydium","timestamp":"2025-07-09T17:38:18.638Z","signature":"3rL9UDgvsLmExmPpd2uJ4PUhMvEk3zJLmcru5z5raqQFKq6eGiszM5mbrAHdde5thC3uE3pPNJxi3jFQjLqi4DAc"},{"id":"b5kbiditd7dtfgevb6gjb9","walletAddress":"xUi4hgdfXzdpN12zomS5JK3Bj7uz8pQ2eu5wXmsVEDCg","type":"sell","amount":10007.25795413174,"price":0.0002063372615583935,"protocol":"Jupiter","timestamp":"2025-07-09T17:38:12.619Z","signature":"imVCUeXF6UhMCibCQ75heUz4Hi4ow58ePfTgJ9DhpnB1Xk7rz1rHKENB5Y6FyBnpmP99CbkrpzDEE6XaKwhL9jWd"},{"id":"ohrjmpairjd2hxnjmg9ls7","walletAddress":"TtPcjs9nn87AtMbTuskmNQgpw5Uzh9w8swuKDYvMPHks","type":"buy","amount":7424.428246933392,"price":0.0009852991825741058,"protocol":"Orca","timestamp":"2025-07-09T17:38:05.268Z","signature":"EuumuV5X7CvHotyJz71D7DfAzchsKQNKCHvENDBf2do64fUsNntreUjFcRnG4dP1HGhUPKXVnb6Ebxyu6TGDGFBU"},{"id":"7k8woz1iu9ji3h15htgnl","walletAddress":"Yd1u2Dog3qB4duLeuh6GGbrAmaTi7xKnLQHgQs5tuX1T","type":"sell","amount":4036.2017096721515,"price":0.00019134452025067975,"protocol":"Serum","timestamp":"2025-07-09T17:37:56.834Z","signature":"hr4FdtZrZjV93zCj5GXpxu8tztZWVUdxZcDqpCpGRBX9LkHnrwPjoJ7P6DWALYVawn5AU8Db3NdSrahwPKLD6Rc1"},{"id":"5kzk3v378vwsbdav3bu37c","walletAddress":"YZZuAfbBfCc9UqSrokeBGoZ3wH3EMgXhYLXpkRJzr8x2","type":"buy","amount":2659.00204389548,"price":0.0006589643740487989,"protocol":"Serum","timestamp":"2025-07-09T17:37:48.361Z","signature":"Kmb6yvAFbMD1kz3pnmqLKoDAkR9QCa4cL5MnNWWsz61zk2Y53JGgZGqArsLZAQRSxbLE8cSpdJJio9ukEyGJfyCV"},{"id":"9hekgk5liqnfkbxf4xdkyf","walletAddress":"6ooVQD7Whs7hZw6kcdP7z2Hy6MsYKjfTv99EYz7kcfyy","type":"buy","amount":586.7797540101938,"price":0.0010977395811480018,"protocol":"Serum","timestamp":"2025-07-09T17:37:38.829Z","signature":"Mz6uGLXfx9Be3uUJto2iW5DVPads6oDpJhack2GuErgV8zvqNCX8QEujG2N8ZCf4cQmJEcJkqR439Z6QMP8sTqXR"},{"id":"8wqdduy50b39ukfhu44dv","walletAddress":"cwi8mHCwaWdaYYreTrsRHomFjsq8zZJYckaJ2eRcYwCN","type":"sell","amount":1108.7999684700155,"price":0.00037495699472504763,"protocol":"Raydium","timestamp":"2025-07-09T17:37:29.005Z","signature":"Zdz7ek7sVFYMDNMMcyxHxaycaEaugx5p8F4mBWSXXPWfDgDDq2eKznPGbUTYiLjKDvw7V71vcFUSyLfoULxWVnen"},{"id":"g5vt8hcd1u4yackopsfagd","walletAddress":"5NVKKSYSjBkP5iyZG6ToKLKWmRgvGBu8hantccL9KDVK","type":"buy","amount":8946.430502881434,"price":0.0004573579860695051,"protocol":"Raydium","timestamp":"2025-07-09T17:37:24.310Z","signature":"E41JTbGo6kSKYSrctN5DZaF5Vqv7FU7m4MGhFYnUTPsDkryMdmhXkgSmpFS494JJxpSepL8uy9pkJfffHG7NeULk"},{"id":"x70op4f7r1dg3hde0ev74","walletAddress":"UTq6peYH1paWJAZSEPY2eV6wjsJRP21bJWSkxpuPNYx8","type":"buy","amount":611.8436042925833,"price":0.00029778521185558094,"protocol":"Serum","timestamp":"2025-07-09T17:37:18.621Z","signature":"D5ArLHbBq35iMUBeUZN9cpSDEaP3oy1BVBJaEncPwQwv3vKT7gFntnjxsV2UKfLZWG7chaE7oN9vGWw1ryq1posj"},{"id":"p7cwn85mzwqf862u77wjrd","walletAddress":"bUZqKv2bbhFUbCfoSn1tBtiT6yXa4APAXBX5kssRzMKX","type":"buy","amount":2338.903206456444,"price":0.001043156149193225,"protocol":"Orca","timestamp":"2025-07-09T17:37:13.451Z","signature":"VPUFS72GmVy17DEBG5yjZ3TR5hW1Rmgwu3ksWKvcfeexVKKtKGBS1TsYAWFYjQHrvjZ3KwxCe1BEjnjdAJtDkbtH"},{"id":"xnh2btevggf8hj35hgqka","walletAddress":"uYrjQRSy4PDmw1gWXCmYVPec8Y6iVkQDyghXeK36nisJ","type":"buy","amount":7067.388374941978,"price":0.0005568721585572164,"protocol":"Raydium","timestamp":"2025-07-09T17:37:12.009Z","signature":"T2Ygm14JSynMe9rgvdPMJDtW6bgeGsMe97yt34ZAUPQxqDBPSKExgr4aa18vSrswDNwsVZBJqhAXgGVxzwF1L7QE"},{"id":"mh70ai9e4apbidu7ejmqn8","walletAddress":"rJiY42ejGFtz6S4xQcTtJMiYUgSHvEFaKpm1bQDPMVcq","type":"sell","amount":5465.363379767811,"price":0.00025420576880119173,"protocol":"Orca","timestamp":"2025-07-09T17:37:08.853Z","signature":"rL51w6WJmp6jiZCvpp6wkK3zqHX4ER4m7oreRNSEyD3zvcmASahS7Jy9Aa4LmULEuZ126FAtvZ4ZjWXvZtQEpHNt"},{"id":"965ckjv29hebtf4brzeko","walletAddress":"UAjC5EAa3VUtZ6qkkNmbUqBeLeJDNsdPw3JAuUBE7DFp","type":"buy","amount":7404.415476048432,"price":0.0009732865671526332,"protocol":"Orca","timestamp":"2025-07-09T17:37:01.132Z","signature":"ALoZZqCGuZuD4vhDsoFUsphS8DeHT2QQp85PMUJhvgRvc7znBqQUwGgqWmkJeC3PE8mMWgjC5tUquuu7ZxS6jWtd"},{"id":"n4hmu79ngjqog9pdukjd7l","walletAddress":"UAjC5EAa3VUtZ6qkkNmbUqBeLeJDNsdPw3JAuUBE7DFp","type":"buy","amount":5449.621361721448,"price":0.0005570848263877352,"protocol":"Raydium","timestamp":"2025-07-09T17:36:56.128Z","signature":"GN9LUoopMTu5QoYgDUD3UcmmvF5yumRkb6Pzh5jm7uzVpsZ3eUgW8g64PrNptusEYKrTMzC1BXSxTZgTzhUf4n91"},{"id":"40424nym72i2ip6ilba8oo","walletAddress":"UdMfUSLWtNybYcWdYpWN4VWKL247KfyTchGGA1vKxr1h","type":"buy","amount":9776.32727169693,"price":0.0007993063429467542,"protocol":"Raydium","timestamp":"2025-07-09T17:36:52.281Z","signature":"iScVNBtEvmjg3W6UKnF49gXRuBogP2drBjgr44YMTQ9qzG76eH4fBRV5Hcp1crAGrR5FTat86pskaPNzE1dAt54K"},{"id":"r7z5use4mgokymp1ueshi","walletAddress":"1Xc2SErRi3NAG917Mbt4GK7DCA5UCh5XNsfEAdHEg2Jv","type":"sell","amount":4824.69751503086,"price":0.0008158603642018215,"protocol":"Orca","timestamp":"2025-07-09T17:36:44.642Z","signature":"j3smKCifXCDvzEWvpCEEV5sCkUz1xAjzZRnyWxqqeKkwqbqCDqBkXDaJxKhLkub2u3fXcePCEQNxGvSWM1GNYMsu"},{"id":"u8oqnfivwnshcbloz2pptt","walletAddress":"4N7monZHSCMMsUWqtroMEDg4dPNzZBvL8oDpugjDcBM7","type":"sell","amount":184.97247370733874,"price":0.0006187339467221786,"protocol":"Orca","timestamp":"2025-07-09T17:36:37.082Z","signature":"CF36NYNqj4nJaMdyqHTDY4RHLTk5VidGB2K6Ytiia6j4fkpYABR9Quo9cBjWFe2ZEehTwPUw1jp5PMyEikjwtHcf"},{"id":"ifmpv16wia9wnsxsj5zlc","walletAddress":"gT5PPobft9AERNDpsqKXswz3dUqbrPZ6QR5Q2m765mbF","type":"sell","amount":9966.578860862623,"price":0.0006729344100966898,"protocol":"Orca","timestamp":"2025-07-09T17:36:34.622Z","signature":"uLb7HnBoLWtc5FZDB4BX2UvGZEBZSTSGGpodUV5bqss226b9J7LaxhMNtBkXAdXwiXP3faPPg9BiKWLSYSJh8Qoj"},{"id":"xvrpelhtlkwkkkcq48cmn","walletAddress":"4N7monZHSCMMsUWqtroMEDg4dPNzZBvL8oDpugjDcBM7","type":"buy","amount":7674.42967646649,"price":0.00012999926357645878,"protocol":"Serum","timestamp":"2025-07-09T17:36:33.420Z","signature":"fTZAdBXmpi9y3ky3srrBvvoGVqGWaVQCizPfSv5RdsvsDcyuwJERX4PsYiLTuxBpYHfBDWXdovrNYKSfC67WzqFk"},{"id":"rufuklcblzlm4bl64y9xti","walletAddress":"TtPcjs9nn87AtMbTuskmNQgpw5Uzh9w8swuKDYvMPHks","type":"buy","amount":9398.916757485951,"price":0.000683258361376261,"protocol":"Orca","timestamp":"2025-07-09T17:36:25.292Z","signature":"uZH34usBn9o3fYyrArWQ3rP4QzSwbpTkbmLRwERedgVfHQMTTnEw7gMwW1JbunXmhjTwEpBgx549URHPqdNQC6QE"},{"id":"77stlwrjb3juv3byv3p4i9","walletAddress":"cyPV2mYYoECPdnJecwyWVxpPS2xKz5TeNQy18mH8g1no","type":"sell","amount":6704.359144983106,"price":0.0008232145159793928,"protocol":"Orca","timestamp":"2025-07-09T17:36:19.445Z","signature":"PeWuLJHoiXKwVDG24QDWHCsPaqccBWKbP2Nvd4ZRDgsWaDatZWqYki95oPJJzAAVGWDXcTw3wMHhS94BSgQsKQ8L"},{"id":"0bnr0cqxqe6k348sncfv5ku","walletAddress":"fCP2jrUFxHWM33mr8kL8Tkft8GGoW3Tk6KGcV3rBExaF","type":"buy","amount":9153.227901951494,"price":0.0003469065556059142,"protocol":"Raydium","timestamp":"2025-07-09T17:36:12.398Z","signature":"SosWxR98SHDKbRfdY2iqWz3YMAqCoAzUucpm6ZeAdXTL1pNDWqrvD1MwEchQN3FSC4LJovWnPTY1viK6QBpTQMpz"},{"id":"qzh4g17qm9fvk0jnhxf2k9","walletAddress":"ETWLe7SET3kEftxs8C7NhNcFXXGutmFgVTMAvmEJmU9A","type":"sell","amount":7594.0425016770205,"price":0.00016254119000293866,"protocol":"Raydium","timestamp":"2025-07-09T17:36:02.665Z","signature":"o4oNMiXo8nTzxnEAhtfkQGgc7gwtu3hKJSsZTKHXJmYSEaVEpuPgMeaqxEeDKELyBxVksDqmxVnunBCFjmPEb43H"},{"id":"2w7ng6kzme73yue5sqs7r","walletAddress":"njZmj3XuWCYyLvZFVYibLpZgsE4T1tSuLqPLH2k1HnzE","type":"buy","amount":8199.023204358877,"price":0.0010844907428505673,"protocol":"Orca","timestamp":"2025-07-09T17:35:54.117Z","signature":"ejtBxYZfJEyugjaB4sBcgCg9zrci2fpDp8swwtxBe2GEjtJK1qXdB8ZacSuTpUW3rErQ6PewkvfbcN8panj3bU3Z"},{"id":"9ars71r2llrb2522ezyp2l","walletAddress":"zFz9YVkhE61S2W2pmu6dEhaqQcKjYfvusmeQJEpxS7Zd","type":"sell","amount":3198.1472652354714,"price":0.0010191716759881955,"protocol":"Raydium","timestamp":"2025-07-09T17:35:27.421Z","signature":"yfzM5CVXT2o7m4bdRuG9aYnb5HEay327n3HpaGBG8fLaxn13goXFyKKAMwVPWLEsSkt8CSAdt1FwzwBWxsm8Jb6T"},{"id":"o3z758h0iz2i1597k9675","walletAddress":"T4jsjmQfoJKMfERCoxKWGz2nPfwg7HTqmC9eUYdzM2JB","type":"buy","amount":979.4094915609274,"price":0.00063719368281418,"protocol":"Serum","timestamp":"2025-07-09T17:35:22.316Z","signature":"Y2oscUsobpa4sc7FinBbSV3cq9o9dw1ByprBURo5GzsYZJk6LJjmHhTRahCnb26J2tZoYZJNVWwD95ttSTwcQ4ic"},{"id":"idpbvsk9dvgme79z5r0zhn","walletAddress":"sKqHFZ1cWckNHpFnFsJRXwoLv7kcwmLTe5SFqLQ5m4Qs","type":"sell","amount":7035.690215547552,"price":0.0002772400974931696,"protocol":"Serum","timestamp":"2025-07-09T17:35:12.359Z","signature":"tik9Fx3mBXQGSxdRrwgs6qMDezvqZNLeV88J7WzGZfqVGpgHrjb7WWqXQiMzasB7X1PN2ppCPCFzkNiMTCrT6Dzp"},{"id":"81gmvexuy4ijxc129ud3l","walletAddress":"mBmaYw4BSm2mJ7q1A7f8yS3hBcEazVDNrqetLHsVofEc","type":"buy","amount":8625.895653152651,"price":0.0005861976398185342,"protocol":"Orca","timestamp":"2025-07-09T17:35:04.653Z","signature":"oYvtVfgT2MGKhMN1kY9APcmuKbhXwcaWkcwUZJDF79Rcaimg68depiJCPS9MtyzEX57YPmxpiX7yW27UUetaiAce"},{"id":"v70cbaaw7bmkdgz6orc29","walletAddress":"D5PbVjDq9qE7bPXx2YVBQ8C626yEtC1FG68YY7FcXcDg","type":"buy","amount":8807.128201146856,"price":0.0006467810361836155,"protocol":"Orca","timestamp":"2025-07-09T17:34:40.935Z","signature":"y2rDXda7CuVZ4MAxvJimkebM1SyBFpDkW7eHNVVR4v89QxkQNEk1f5h6CpLyd5zJekaJEHpUvzGsHec9qtdiUaVH"},{"id":"9mbxkklx6aph7og1bmii1","walletAddress":"k6jMsHxBFGU1srpA4XAGY7wbmrgvmX7n9TrACNvtCtwk","type":"sell","amount":6166.894593831314,"price":0.00013173941788792378,"protocol":"Raydium","timestamp":"2025-07-09T17:34:35.905Z","signature":"K6kBktwq2TJGVMxEbfe8nC1pHnEhyVyKnhSM6uTw9zfBFtQdNma6a79J5qp6MrahHYPkav6ckzeZ7QU6DfaGJXbT"},{"id":"5u4zxrp1ax6gg0j0kl0eoh","walletAddress":"PpL1kUcXXiFKLNwokFNjK4v8WgTVBEBLSDb9zdjGZabe","type":"sell","amount":5266.355625421881,"price":0.0004805858497330947,"protocol":"Orca","timestamp":"2025-07-09T17:34:34.128Z","signature":"JVjZjeG7qaYf53EToSJKvq7JyiWpmragYSAMGL6hAztvjFgEsVoSFqToeGxgmNv9TvoqFu76T7oAWG2TZoLfA8v7"},{"id":"zmb1its7oopjw0mjvpfnp","walletAddress":"XK8r8yvT8e9jyuBDb4XHVCmLJXacCz3NEu7Q4fgp6pWm","type":"buy","amount":1917.0310734990712,"price":0.0009684633152106654,"protocol":"Raydium","timestamp":"2025-07-09T17:34:32.108Z","signature":"bs69g5FBDXTdzF7V27NYxV5TencXgjc5PtBBmhXrAfpezi4wsFRYyfxMVfmFURaw3Zc7dydX247ySXw6p3Tvd9w4"},{"id":"8cl5vlhgil62fyjpi21n2t","walletAddress":"ayEDPyVhwjrZ1JteF8fH8M6UZLkCGQYBrFamEHwKkz8C","type":"sell","amount":6113.4540106250415,"price":0.000983432997824886,"protocol":"Orca","timestamp":"2025-07-09T17:34:24.716Z","signature":"c3te51S8HPgJcyB2uAw6Mhxk4wbuk3grbtMCEta9csKV7ezh9atCvwpK7nkWuDXKEuZgg6irjJViwXkvHMVmNCG8"},{"id":"hm7hvdjfjnqovuoqcdr6","walletAddress":"VcbVcKDjs3Ke9V2dKaymRE7tq28ZqwTGtrZDQxumkeF6","type":"buy","amount":8444.335649407089,"price":0.0008124430685591748,"protocol":"Raydium","timestamp":"2025-07-09T17:34:18.959Z","signature":"8m3rfsmgAQjgQimisGq8WzT6SLT5U1tZBt1TeMNkxMmnpH6rKsVyUwsXZqTuj18nRRnu4aPXXkcfzhDnVLr6YHCv"},{"id":"2gb8g8jejqirdhia445mui","walletAddress":"BEJAnRFRDbYJXrKmsEaE4pove6mQqKRsyzECmT8scbGX","type":"sell","amount":6523.610855328774,"price":0.00033640877559907624,"protocol":"Serum","timestamp":"2025-07-09T17:34:14.138Z","signature":"96Acafr3U4DMHXtNKchnNyaiekvSRba5EahXc6arVRQM22VHGoGQ5Y9gMmvEtfV9akyaQKnhAnZazgSC5xJHkynP"},{"id":"l7gy4f9p2ek9bj9yo19h1m","walletAddress":"fAmf55qX9ymyJYwLZbsHE9Pj66W3qbLQCeDdpFVw2RjE","type":"sell","amount":5402.718059742855,"price":0.0003937737223325132,"protocol":"Jupiter","timestamp":"2025-07-09T17:34:12.940Z","signature":"RtDH7LoEpKwypmLEM4Cuj18EuQLSa4YknQKkTB83JAf3t8XPjyi5YCUmJhbFyavKxBnAwudS7rDNQrFm1qL9Wy3v"},{"id":"i9tvjcc52uev90lak8vmf","walletAddress":"P9wfbT9RqWxsBeLn3Th1E1ofHTyBdFbM7DY3ariDJ8yd","type":"buy","amount":5266.464384185838,"price":0.0009192665180141253,"protocol":"Serum","timestamp":"2025-07-09T17:34:08.930Z","signature":"G6mVN2pwv5LSgjZo34kspdKnVoXXC9txyhaW2b9uT3VpUyjTuRmZqFxZ8V4JP3Nq8kMxM6dLYwL3qgxW7GNPKfoa"},{"id":"97zuxm3u3vwdgvntdgdwm4","walletAddress":"d9eiAhenSAdiP9VWpunYSZ4eDqY42XC3BpE8uv1qrvY5","type":"sell","amount":7253.062322817794,"price":0.0009407501027065843,"protocol":"Jupiter","timestamp":"2025-07-09T17:33:59.739Z","signature":"mzATR4tiuyRJtxbxMLhdbgzUbEfH2HR5FgADXE9QDAS2KrNDQ5URPmSo5K313iVmat1Kxt3kZgWcszBEryujQyRu"},{"id":"gg8wftkn5qqnyd1vb7ohk","walletAddress":"DZcwxrnjze17BGS2JYJZ1w8bfRF8uGoJMNrUFy8YfTiC","type":"sell","amount":6705.864641083861,"price":0.001001863373039098,"protocol":"Orca","timestamp":"2025-07-09T17:33:15.318Z","signature":"Bzfe8Uvz7n6X5mESj8nU11GTQCGRQVVKAc7UJFpLCJFFaobKrnC69EULghoXJbLS7pT2UJvi3B15YV6oj7B9joxG"},{"id":"tzbio8uwmjlazo4292n9","walletAddress":"3WzJ5NMwFyRnJEcRHLuYUR9cF4hi8qqvm9sKvBq8J6EY","type":"sell","amount":6158.78039667584,"price":0.0005976070900356172,"protocol":"Orca","timestamp":"2025-07-09T17:33:10.053Z","signature":"io9S9LBhewkcNtbh4iev7eTRDyBYNjhNt8oyZ6ahLiKeoQ2DT16V49TkWGcrt6y5JMVYcPxBpygEMpz1avpqtuen"},{"id":"ypat0ysmg3gjqdlvo7gnue","walletAddress":"JTgkhHYkcEqd8Gp2r77a1dfdmyXziiWUvyEksR3meJQb","type":"buy","amount":2440.528549913885,"price":0.000976352451911366,"protocol":"Raydium","timestamp":"2025-07-09T17:33:03.225Z","signature":"3SWaMsktvqizHc2f75wD1wjdAhHS7n1HSgFCdzKdsmW8jhmsu3bTwNwi6ZznPK4FXRaQJMvo3jkEPTqX69PAmAfb"},{"id":"mman7mlgipddibtwroapvo","walletAddress":"J6o365C3ehygqbyg2KMFAdBK6zGWHQ6aHE3gNNhvs2Bd","type":"buy","amount":7528.169209810236,"price":0.0005561297170935697,"protocol":"Serum","timestamp":"2025-07-09T17:32:53.396Z","signature":"tDPqYbLfTTh7SZ1FPvQwGSjT3WjKGN84pukMtxxZWLLKgCLxtG4deDyF8ZLLv62GVLj8TcNyX72QqCjrwgavwsre"},{"id":"5ttopmdsvckhgmfayxfqjb","walletAddress":"L2XvkcJSTv26hHTQZD3AdLSHKnmJTBCzskbks47GBc22","type":"sell","amount":7642.1258086913485,"price":0.00024057505116828796,"protocol":"Raydium","timestamp":"2025-07-09T17:32:44.270Z","signature":"giWNNdxteJZTC7fpajYtUhoU3kimgavTvknS9k77k3d2hw6EmJ12y2i3JX3njQHSPmDPaoW6WCUPUKrt4X8DWTU6"},{"id":"tkefs3i8ze19p0hg8ac6o","walletAddress":"yU3RT9TYwHuA7hoi7iN5KoVv9eK7WgjKpW5MJ9PAZ9Bj","type":"buy","amount":2819.482450388575,"price":0.0002027368989325892,"protocol":"Orca","timestamp":"2025-07-09T17:32:39.274Z","signature":"Jr7vDCsKyMrFVQ6zHsKUrEGZnYVfHaJUZqPPSN2TSWW83LDSmqPLzHTqsmJLNJ4YT3arRVxwa341LtgH76DjsmtX"},{"id":"qvwbnwzg89sytkh1ylb0vn","walletAddress":"VpYSjty6VepcNGfH7QKU2t6vgrhsfS5Pzh2qfCa3xDpu","type":"sell","amount":8210.891288925419,"price":0.0007202379757350103,"protocol":"Orca","timestamp":"2025-07-09T17:32:32.086Z","signature":"m8UFWtdq4Va2ibq3dQup8684vD6KKhyrxU9VzX5Fox91zN31CawaAuM8VxL1msww45ptmZoT4zR3cf5f8AzRWhs6"},{"id":"cfwpd0n5o18njwil0rb29","walletAddress":"jF1aKp2MHpNNofY3WxgocBWkf1eRLKUXt1DPwjedqrDS","type":"buy","amount":2298.0911171569996,"price":0.0009590576822703052,"protocol":"Orca","timestamp":"2025-07-09T17:32:29.551Z","signature":"9FxG82pRnDeKfFL5hSwyyngHx6WaXCdt2DLMYf3tBPw3hjBCsZ4BYRD7Vy6GQaCvCunYWQgUPxkaKjnSz9vyZLu1"},{"id":"aveq3faypvdiwqml5cd4l","walletAddress":"DN1wu85VdBiew4YDfwBqzRRUvwQU4VnkFgwXYV8R4HEw","type":"buy","amount":8863.365813761822,"price":0.0008004924427010569,"protocol":"Serum","timestamp":"2025-07-09T17:32:27.664Z","signature":"EEHm7oFbAEfJQrQMe4jzm1HT1PrP86eMMrvQfHAaBSXeNRXTUd5FL6EhJZwpxnfcvsu48J9eEGVy42atBykHfuCc"},{"id":"0tk4wck53uj37pshke7i1e","walletAddress":"LgeuAKYx2jcNrLj3Ab3JNBkB8GygdGDzZFeJwfGxVDHq","type":"buy","amount":112.93101722767088,"price":0.0008955627723585919,"protocol":"Orca","timestamp":"2025-07-09T17:32:22.845Z","signature":"YgAwy3EGF6u7wyiUhGRYw6B7TooaNZWapsScwe6PR56iXiVqnGUui4itWFjScmS5UXstkESreTX777hCczCxzMf6"},{"id":"pv4vmlkejl4lnaad2s7b","walletAddress":"cFPqR2ahuizaB7xHLxMoapP5ksBPjZGVdE3iqoz1irz2","type":"buy","amount":152.0551623950616,"price":0.000560897532201295,"protocol":"Jupiter","timestamp":"2025-07-09T17:32:15.981Z","signature":"ymb2TqA7XKcFCda2wDHQjPbqZmSDtVYRg5JurvtzxnniiuN2cNkLXTgEc8Mu2VRvhWCJjkxydB2BcUdYdiGrnbkz"},{"id":"dqjri8bgft8e1u15jk266i","walletAddress":"suZJ8u4ppQSgG87iPrbiZXxueja3n4Lp9SadwujUEYLe","type":"sell","amount":7785.84203282724,"price":0.00031746405042737993,"protocol":"Serum","timestamp":"2025-07-09T17:32:11.647Z","signature":"1NNZe6b83raXsjSbuzhrQ35XF8AGBCwWfHCPR6GVogYVSXXbSRJv3nsU4AJKKyRVF3TEdUK5Nda1q3wSN5rZUqwJ"},{"id":"1mkh4cr0mt0jm1xglvr7zlr","walletAddress":"ifKzvkesTSdENbmdVYzTHPVhoBb8SmbgFah3BADGZe6L","type":"sell","amount":2300.3776017669675,"price":0.00027999331029680564,"protocol":"Jupiter","timestamp":"2025-07-09T17:32:03.405Z","signature":"SX1V8vdSjXpCTdxbxUUoFaEpyVDc6PfJoPD1Ss9WVVU3kLXmvPTyPc4TXboTkBLvReSTT8e6PyDNHZLM5UB5mPon"},{"id":"txb0szgzxrs4zvhum0le9","walletAddress":"JpE2ASCZgsnMJKVQ5NzRNbrWegH8WiiWCweBnvbB3xXw","type":"sell","amount":8677.924397153365,"price":0.0005724846727308239,"protocol":"Raydium","timestamp":"2025-07-09T17:31:54.191Z","signature":"RQXS6FwUHmfzwxhPjk8rQrCtFtgoy4J91Q7vCiBSJdjeC6HDGjSRwdw97Y17c2MtUKbZzYrDZvkj98atRf4DXXmZ"},{"id":"jyffu5rbsk7tuhsifcuok","walletAddress":"2235XUutY4TY6CtQkoUPtSJpk8NtN9FB97mfpPuYq6WE","type":"sell","amount":6058.191256863548,"price":0.0007465837214159443,"protocol":"Raydium","timestamp":"2025-07-09T17:31:46.241Z","signature":"kY1TrXstt8LD9KLp8Pq9AZcVCn61L4wkkMbWPegGwA1wvqFd4jiZpjw9DWESBNGRkycpxUU9TTojx2iGir27GTpb"},{"id":"tbo6e4hfl9zz1m51cmo5","walletAddress":"CYZqwriZvi9FBjQogzmJWbXqDV4PagNx4JTqEMuV5hcr","type":"buy","amount":2272.7837714747534,"price":0.0005146029491585594,"protocol":"Orca","timestamp":"2025-07-09T17:31:39.046Z","signature":"SXR2TU3ewvzED59L2mUwMGZcMBeW4aDV57JqcidJdnxVuYqEQfVnSoYfTzTQ2Z1dhHrPF2xCWb44EFhEjC9XoPJT"},{"id":"iq8k7c9h3ea0fcwb0grli","walletAddress":"yCcZQcBD93dfcw1GwR6sbi3DCftWsieVEBqc4EUPNf28","type":"buy","amount":9245.248673792405,"price":0.0007931873114674876,"protocol":"Jupiter","timestamp":"2025-07-09T17:31:33.479Z","signature":"G8iegfJWQETzkrW3RPiJ7axy4JGyyw3hmBZiKEmMUT9vMUV3DXS9uRAPo9UVkgQCwbPyywauNJiCpUXVXR6FpRuQ"},{"id":"x6607d5g2jpvmxfdag7fv","walletAddress":"4moSJoRLU7hcakZZFDmrZanCDQM8AVLNu9DWp5gZ7k2i","type":"sell","amount":5831.531775227565,"price":0.0009564661020264824,"protocol":"Raydium","timestamp":"2025-07-09T17:31:27.969Z","signature":"1PcFUeC1ZroDVQJppsyzQKaYmhF6azVbhqbdGaAWvku3Boz3Sg6WmTdDcXpcjp11sodTUj8hK7coZY9Y5fqukuRR"},{"id":"4s40znb1t1w2pum8gvj9ec","walletAddress":"2oysAqZ6h18iDHnEAE3ThDbj6hsfheDDV3wLA6v2Xtdd","type":"sell","amount":5820.649110467293,"price":0.000629101496850066,"protocol":"Orca","timestamp":"2025-07-09T17:31:19.355Z","signature":"Mbuxs748bpFbknfTzvHvZg21Rric4jhnKznBzWEVLqGbtR8EJf5mZKxvnBYTCZR1dXAKxdLVMei7FfgK1uBD2Hxd"}